
@Article{desy,
  note = {\url{https://www.desy.de/news/news_search/index_eng.html?openDirectAnchor=829}},
  Year = {Accessed: 2018-02-30}
}

@Article{jr:tot5tev,
Author = "CMS Collaboration",
Title = "Measurement of the inclusive tt¯ cross section in pp collisions at s√= 5.02 TeV using final states with at least one charged lepton",
Journal = "JHEP",
Volume = 03,
Year = 2018}

@Article{jr:2ddiff,
Author = "CMS Collaboration",
Title = "Measurement of double-differential cross sections for top quark pair production in pp collisions at s√= 8 TeV and impact on parton distribution functions",
Journal = "EJPC",
Volume = 77,
Year = 2017}

@Article{jr:diff13tev,
Author = "CMS Collaboration",
Title = "Measurement of normalized differential tt¯ cross sections in the dilepton channel from pp collisions at s√= 13 TeV ",
Journal = "arXiv:1708.07638",
Year = 2017}

@Article{jr:top++,
Author = "M. Czakon and A. Mitov",
Title = "Top++: a program for the calculation of the top-pair cross-section at hadron colliders",
Journal = "Computer Physics Communications",
Volume = 185,
Year = 2014}

@Article{jr:mcfm,
Author = "J.M. Campbell and R.K. Ellis",
Title = "An update on vector boson pair production at hadron colliders",
Journal = "Phys. Rev.",
Volume = D.60.113006,
Year = 1999}

@Article{Ball:2018odr,
      author         = "R. D. Ball, and A. Deshpande",
      title          = "{The Proton Spin, Semi-Inclusive processes, and a future
                        Electron Ion Collider}",
      url            = "https://inspirehep.net/record/1648159/files/arXiv:1801.04842.pdf",
      year           = "2018",
      eprint         = "1801.04842",
      archivePrefix  = "arXiv",
      primaryClass   = "hep-ph",
      reportNumber   = "Edinburgh 2018/3, BNL-200028-2018-JAAM, EDINBURGH-2018-3",
      SLACcitation   = "%%CITATION = ARXIV:1801.04842;%%"
}

@article{Ball:2017nwa,
      author         = "R. D. Ball et al.",
      title          = "{Parton distributions from high-precision collider data}",
      collaboration  = "NNPDF",
      journal        = "Eur. Phys. J.",
      volume         = "C77",
      year           = "2017",
      number         = "10",
      pages          = "663",
      doi            = "10.1140/epjc/s10052-017-5199-5",
      eprint         = "1706.00428",
      archivePrefix  = "arXiv",
      primaryClass   = "hep-ph",
      reportNumber   = "CAVENDISH-HEP-17-06, CERN-TH-2017-077, EDINBURGH-2017-08,
                        NIKHEF-2017-006, OUTP-17-04P, TIF-UNIMI-2017-3",
      SLACcitation   = "%%CITATION = ARXIV:1706.00428;%%"
}

@article{Onengut:2005kv,
      author         = "G. Onengut et al.",
      title          = "{Measurement of nucleon structure functions in neutrino
                        scattering}",
      collaboration  = "CHORUS",
      journal        = "Phys. Lett.",
      volume         = "B632",
      year           = "2006",
      pages          = "65-75",
      doi            = "10.1016/j.physletb.2005.10.062",
      reportNumber   = "CERN-PH-EP-2005-048",
      SLACcitation   = "%%CITATION = PHLTA,B632,65;%%"
}

@article{Goncharov:2001qe,
      author         = "M. Goncharov et al.",
      title          = "{Precise measurement of dimuon production cross-sections
                        in muon neutrino Fe and muon anti-neutrino Fe deep
                        inelastic scattering at the Tevatron}",
      collaboration  = "NuTeV",
      journal        = "Phys. Rev.",
      volume         = "D64",
      year           = "2001",
      pages          = "112006",
      doi            = "10.1103/PhysRevD.64.112006",
      eprint         = "hep-ex/0102049",
      archivePrefix  = "arXiv",
      primaryClass   = "hep-ex",
      reportNumber   = "FERMILAB-PUB-01-034-E",
      SLACcitation   = "%%CITATION = HEP-EX/0102049;%%"
}

@phdthesis{Mason:2006qa,
      author         = "D. A. Mason",
      title          = "{Measurement of the strange - antistrange asymmetry at
                        NLO in QCD from NuTeV dimuon data}",
      school         = "Oregon U.",
      year           = "2006",
      url            = "http://lss.fnal.gov/archive/thesis/2000/fermilab-thesis-2006-01.pdf",
      doi            = "10.2172/879078",
      reportNumber   = "FERMILAB-THESIS-2006-01, UMI-32-11223",
      SLACcitation   = "%%CITATION = FERMILAB-THESIS-2006-01;%%"
}

@article{Ball:2009mk,
      author         = "R. D. Ball et al.",
      title          = "{Precision determination of electroweak parameters and
                        the strange content of the proton from neutrino
                        deep-inelastic scattering}",
      collaboration  = "NNPDF",
      journal        = "Nucl. Phys.",
      volume         = "B823",
      year           = "2009",
      pages          = "195-233",
      doi            = "10.1016/j.nuclphysb.2009.08.003",
      eprint         = "0906.1958",
      archivePrefix  = "arXiv",
      primaryClass   = "hep-ph",
      reportNumber   = "EDINBURGH-2009-06, IFUM-941-FT, FREIBURG-PHENO-09-03",
      SLACcitation   = "%%CITATION = ARXIV:0906.1958;%%"
}

@article{Kulagin:2007ju,
      author         = "S. A. Kulagin and R. Petti",
      title          = "{Neutrino inelastic scattering off nuclei}",
      journal        = "Phys. Rev.",
      volume         = "D76",
      year           = "2007",
      pages          = "094023",
      doi            = "10.1103/PhysRevD.76.094023",
      eprint         = "hep-ph/0703033",
      archivePrefix  = "arXiv",
      primaryClass   = "HEP-PH",
      SLACcitation   = "%%CITATION = HEP-PH/0703033;%%"
}

@article{Watt:2012tq,
      author         = "G. Watt and R. S. Thorne",
      title          = "{Study of Monte Carlo approach to experimental
                        uncertainty propagation with MSTW 2008 PDFs}",
      journal        = "JHEP",
      volume         = "08",
      year           = "2012",
      pages          = "052",
      doi            = "10.1007/JHEP08(2012)052",
      eprint         = "1205.4024",
      archivePrefix  = "arXiv",
      primaryClass   = "hep-ph",
      reportNumber   = "CERN-PH-TH-2012-132, LCTS-2012-11",
      SLACcitation   = "%%CITATION = ARXIV:1205.4024;%%"
}

@article{Hou:2016sho,
      author         = "T. Hou et al.",
      title          = "{Reconstruction of Monte Carlo replicas from Hessian
                        parton distributions}",
      journal        = "JHEP",
      volume         = "03",
      year           = "2017",
      pages          = "099",
      doi            = "10.1007/JHEP03(2017)099",
      eprint         = "1607.06066",
      archivePrefix  = "arXiv",
      primaryClass   = "hep-ph",
      reportNumber   = "SMU-HEP-16-06",
      SLACcitation   = "%%CITATION = ARXIV:1607.06066;%%"
}

@article{Gao:2017yyd,
      author         = "J. Gao et al.",
      title          = "{The Structure of the Proton in the LHC Precision Era}",
      year           = "2017",
      eprint         = "1709.04922",
      archivePrefix  = "arXiv",
      primaryClass   = "hep-ph",
      SLACcitation   = "%%CITATION = ARXIV:1709.04922;%%"
}

@article{Kovarik:2015cma,
      author         = "K. Kovarik et al.",
      title          = "{nCTEQ15 - Global analysis of nuclear parton
                        distributions with uncertainties in the CTEQ framework}",
      journal        = "Phys. Rev.",
      volume         = "D93",
      year           = "2016",
      number         = "8",
      pages          = "085037",
      doi            = "10.1103/PhysRevD.93.085037",
      eprint         = "1509.00792",
      archivePrefix  = "arXiv",
      primaryClass   = "hep-ph",
      reportNumber   = "LPSC-15-153, MS-TP-15-11, FERMILAB-PUB-15-375-ND-PPD-T",
      SLACcitation   = "%%CITATION = ARXIV:1509.00792;%%"
}

@article{Buckley:2014ana,
      author         = "A. Buckley et al.",
      title          = "{LHAPDF6: parton density access in the LHC precision
                        era}",
      journal        = "Eur. Phys. J.",
      volume         = "C75",
      year           = "2015",
      pages          = "132",
      doi            = "10.1140/epjc/s10052-015-3318-8",
      eprint         = "1412.7420",
      archivePrefix  = "arXiv",
      primaryClass   = "hep-ph",
      reportNumber   = "GLAS-PPE-2014-05, MCNET-14-29, IPPP-14-111, DCPT-14-222",
      SLACcitation   = "%%CITATION = ARXIV:1412.7420;%%"
}

@article{Bertone:2013vaa,
      author         = "V. Bertone et al.",
      title          = "{APFEL: A PDF Evolution Library with QED corrections}",
      journal        = "Comput. Phys. Commun.",
      volume         = "185",
      year           = "2014",
      pages          = "1647-1668",
      doi            = "10.1016/j.cpc.2014.03.007",
      eprint         = "1310.1394",
      archivePrefix  = "arXiv",
      primaryClass   = "hep-ph",
      reportNumber   = "IFUM-1015-FT, CERN-PH-TH-2013-209",
      SLACcitation   = "%%CITATION = ARXIV:1310.1394;%%"
}
@article{Martin:2009bu,
      author         = "A. D. Martin et al.",
      title          = "{Uncertainties on alpha(S) in global PDF analyses and
                        implications for predicted hadronic cross sections}",
      journal        = "Eur. Phys. J.",
      volume         = "C64",
      year           = "2009",
      pages          = "653-680",
      doi            = "10.1140/epjc/s10052-009-1164-2",
      eprint         = "0905.3531",
      archivePrefix  = "arXiv",
      primaryClass   = "hep-ph",
      reportNumber   = "IPPP-09-33, DCPT-09-66, CAVENDISH-HEP-09-06",
      SLACcitation   = "%%CITATION = ARXIV:0905.3531;%%"
}
@article{Dulat:2015mca,
      author         = "S. Dulat et al.",
      title          = "{New parton distribution functions from a global analysis
                        of quantum chromodynamics}",
      journal        = "Phys. Rev.",
      volume         = "D93",
      year           = "2016",
      number         = "3",
      pages          = "033006",
      doi            = "10.1103/PhysRevD.93.033006",
      eprint         = "1506.07443",
      archivePrefix  = "arXiv",
      primaryClass   = "hep-ph",
      SLACcitation   = "%%CITATION = ARXIV:1506.07443;%%"
}
@article{CooperSarkar:2011aa,
      author         = "A. M. Cooper-Sarkar",
      title          = "{PDF Fits at HERA}",
      booktitle      = "{Proceedings, 21st International Europhysics Conference
                        on High energy physics (EPS-HEP 2011): Grenoble, France,
                        July 21-27, 2011}",
      collaboration  = "ZEUS, H1",
      journal        = "PoS",
      volume         = "EPS-HEP2011",
      year           = "2011",
      pages          = "320",
      eprint         = "1112.2107",
      archivePrefix  = "arXiv",
      primaryClass   = "hep-ph",
      SLACcitation   = "%%CITATION = ARXIV:1112.2107;%%"
}
@article{Alekhin:2013nda,
      author         = "S. Alekhin, J. Blumlein, and S. Moch",
      title          = "{The ABM parton distributions tuned to LHC data}",
      journal        = "Phys. Rev.",
      volume         = "D89",
      year           = "2014",
      number         = "5",
      pages          = "054028",
      doi            = "10.1103/PhysRevD.89.054028",
      eprint         = "1310.3059",
      archivePrefix  = "arXiv",
      primaryClass   = "hep-ph",
      reportNumber   = "DESY-13-183, DO-TH-13-26, SFB-CPP-13-71, LPN-13-068",
      SLACcitation   = "%%CITATION = ARXIV:1310.3059;%%"
}

@article{Forte:2002fg,
      author         = "S. Forte et al.",
      title          = "{Neural network parametrization of deep inelastic
                        structure functions}",
      journal        = "JHEP",
      volume         = "05",
      year           = "2002",
      pages          = "062",
      doi            = "10.1088/1126-6708/2002/05/062",
      eprint         = "hep-ph/0204232",
      archivePrefix  = "arXiv",
      primaryClass   = "hep-ph",
      reportNumber   = "GEF-TH-3-02, RM3-TH-02-01",
      SLACcitation   = "%%CITATION = HEP-PH/0204232;%%"
}

@article{Catani:2009sm,
      author         = "S. Catani et al.",
      title          = "{Vector boson production at hadron colliders: a fully
                        exclusive QCD calculation at NNLO}",
      journal        = "Phys. Rev. Lett.",
      volume         = "103",
      year           = "2009",
      pages          = "082001",
      doi            = "10.1103/PhysRevLett.103.082001",
      eprint         = "0903.2120",
      archivePrefix  = "arXiv",
      primaryClass   = "hep-ph",
      SLACcitation   = "%%CITATION = ARXIV:0903.2120;%%"
}

@article{Gavin:2010az,
      author         = "Gavin, Ryan and Li, Ye and Petriello, Frank and
                        Quackenbush, Seth",
      title          = "{FEWZ 2.0: A code for hadronic Z production at
                        next-to-next-to-leading order}",
      journal        = "Comput. Phys. Commun.",
      volume         = "182",
      year           = "2011",
      pages          = "2388-2403",
      doi            = "10.1016/j.cpc.2011.06.008",
      eprint         = "1011.3540",
      archivePrefix  = "arXiv",
      primaryClass   = "hep-ph",
      reportNumber   = "ANL-HEP-PR-10-60",
      SLACcitation   = "%%CITATION = ARXIV:1011.3540;%%"
}

@article{Catani:1996vz,
      author         = "S. Catani, S. and M. H. Seymour",
      title          = "{A General algorithm for calculating jet cross-sections
                        in NLO QCD}",
      journal        = "Nucl. Phys.",
      volume         = "B485",
      year           = "1997",
      pages          = "291-419",
      doi            = "10.1016/S0550-3213(96)00589-5,
                        10.1016/S0550-3213(98)81022-5",
      note           = "[Erratum: Nucl. Phys.B510,503(1998)]",
      eprint         = "hep-ph/9605323",
      archivePrefix  = "arXiv",
      primaryClass   = "hep-ph",
      reportNumber   = "CERN-TH-96-029, CERN-TH-96-29",
      SLACcitation   = "%%CITATION = HEP-PH/9605323;%%"
}

@article{Aad:2014xaa,
      author         = "G. Aad et al.",
      title          = "{Measurement of the $Z/\gamma^*$ boson transverse
                        momentum distribution in $pp$ collisions at $\sqrt{s}$ = 7
                        TeV with the ATLAS detector}",
      collaboration  = "ATLAS",
      journal        = "JHEP",
      volume         = "09",
      year           = "2014",
      pages          = "145",
      doi            = "10.1007/JHEP09(2014)145",
      eprint         = "1406.3660",
      archivePrefix  = "arXiv",
      primaryClass   = "hep-ex",
      reportNumber   = "CERN-PH-EP-2014-075",
      SLACcitation   = "%%CITATION = ARXIV:1406.3660;%%"
}


@article{Khachatryan:2015oaa,
      author         = "V. Khachatryan et al.",
      title          = "{Measurement of the Z boson differential cross section in
                        transverse momentum and rapidity in proton–proton
                        collisions at 8 TeV}",
      collaboration  = "CMS",
      journal        = "Phys. Lett.",
      volume         = "B749",
      year           = "2015",
      pages          = "187-209",
      doi            = "10.1016/j.physletb.2015.07.065",
      eprint         = "1504.03511",
      archivePrefix  = "arXiv",
      primaryClass   = "hep-ex",
      reportNumber   = "CMS-SMP-13-013, CERN-PH-EP-2015-059",
      SLACcitation   = "%%CITATION = ARXIV:1504.03511;%%"
}

@article{Aad:2015auj,
      author         = "G. Aad, Georges et al.",
      title          = "{Measurement of the transverse momentum and $\phi
                        ^*_{\eta }$ distributions of Drell–Yan lepton pairs in
                        proton–proton collisions at $\sqrt{s}=8$  TeV with the
                        ATLAS detector}",
      collaboration  = "ATLAS",
      journal        = "Eur. Phys. J.",
      volume         = "C76",
      year           = "2016",
      number         = "5",
      pages          = "291",
      doi            = "10.1140/epjc/s10052-016-4070-4",
      eprint         = "1512.02192",
      archivePrefix  = "arXiv",
      primaryClass   = "hep-ex",
      reportNumber   = "CERN-PH-EP-2015-275",
      SLACcitation   = "%%CITATION = ARXIV:1512.02192;%%"
}


@article{Bertone:2017tig,
      author         = "V. Bertone et al.",
      title          = "{xFitter 2.0.0: An Open Source QCD Fit Framework}",
      booktitle      = "{Proceedings, 25th International Workshop on
                        Deep-Inelastic Scattering and Related Topics (DIS 2017):
                        Birmingham, UK, April 3-7, 2017}",
      collaboration  = "xFitter Developers' Team",
      journal        = "PoS",
      volume         = "DIS2017",
      year           = "2018",
      pages          = "203",
      eprint         = "1709.01151",
      archivePrefix  = "arXiv",
      primaryClass   = "hep-ph",
      SLACcitation   = "%%CITATION = ARXIV:1709.01151;%%"
}

@article{Aad:2012sb,
      author         = "G. Aad et al.",
      title          = "{Determination of the strange quark density of the proton
                        from ATLAS measurements of the $W \to \ell \nu$ and $Z \to
                        \ell\ell$ cross sections}",
      collaboration  = "ATLAS",
      journal        = "Phys. Rev. Lett.",
      volume         = "109",
      year           = "2012",
      pages          = "012001",
      doi            = "10.1103/PhysRevLett.109.012001",
      eprint         = "1203.4051",
      archivePrefix  = "arXiv",
      primaryClass   = "hep-ex",
      reportNumber   = "CERN-PH-EP-2012-030",
      SLACcitation   = "%%CITATION = ARXIV:1203.4051;%%"
}

@article{Khachatryan:2016mnb,
      author         = "V. Khachatryan et al.",
      title          = "{Measurement of differential cross sections for top quark
                        pair production using the lepton+jets final state in
                        proton-proton collisions at 13 TeV}",
      collaboration  = "CMS",
      journal        = "Phys. Rev.",
      volume         = "D95",
      year           = "2017",
      number         = "9",
      pages          = "092001",
      doi            = "10.1103/PhysRevD.95.092001",
      eprint         = "1610.04191",
      archivePrefix  = "arXiv",
      primaryClass   = "hep-ex",
      reportNumber   = "CMS-TOP-16-008, CERN-EP-2016-227",
      SLACcitation   = "%%CITATION = ARXIV:1610.04191;%%"
}

@article{Aaboud:2017fha,
      author         = "M. Aaboud et al.",
      title          = "{Measurements of top-quark pair differential
                        cross-sections in the lepton+jets channel in $pp$
                        collisions at   $\sqrt{s}=13$ TeV using the ATLAS
                        detector}",
      collaboration  = "ATLAS",
      journal        = "JHEP",
      volume         = "11",
      year           = "2017",
      pages          = "191",
      doi            = "10.1007/JHEP11(2017)191",
      eprint         = "1708.00727",
      archivePrefix  = "arXiv",
      primaryClass   = "hep-ex",
      reportNumber   = "CERN-EP-2017-058",
      SLACcitation   = "%%CITATION = ARXIV:1708.00727;%%"
}



@article{Aaboud:2016syx,
      author         = "M. Aaboud et al.",
      title          = "{Measurements of top-quark pair differential
                        cross-sections in the $e\mu$ channel in $pp$ collisions at
                        $\sqrt{s} = 13$ TeV using the ATLAS detector}",
      collaboration  = "ATLAS",
      journal        = "Eur. Phys. J.",
      volume         = "C77",
      year           = "2017",
      number         = "5",
      pages          = "292",
      doi            = "10.1140/epjc/s10052-017-4821-x",
      eprint         = "1612.05220",
      archivePrefix  = "arXiv",
      primaryClass   = "hep-ex",
      reportNumber   = "CERN-EP-2016-220, CERN-PH-2016-220",
      SLACcitation   = "%%CITATION = ARXIV:1612.05220;%%"
}

@article{Sirunyan:2017mzl,
      author         = "A. M. Sirunyan et al.",
      title          = "{Measurement of normalized differential $
                        \mathrm{t}\overline{\mathrm{t}} $ cross sections in the
                        dilepton channel from pp collisions at $ \sqrt{s}=13 $
                        TeV}",
      collaboration  = "CMS",
      journal        = "JHEP",
      volume         = "04",
      year           = "2018",
      pages          = "060",
      doi            = "10.1007/JHEP04(2018)060",
      eprint         = "1708.07638",
      archivePrefix  = "arXiv",
      primaryClass   = "hep-ex",
      reportNumber   = "CMS-TOP-16-007, CERN-EP-2017-120",
      SLACcitation   = "%%CITATION = ARXIV:1708.07638;%%"
}

@article{Accardi:2016qay,
      author         = "A. Accardi et al.",
      title          = "{Constraints on large-$x$ parton distributions from new
                        weak boson production and deep-inelastic scattering data}",
      journal        = "Phys. Rev.",
      volume         = "D93",
      year           = "2016",
      number         = "11",
      pages          = "114017",
      doi            = "10.1103/PhysRevD.93.114017",
      eprint         = "1602.03154",
      archivePrefix  = "arXiv",
      primaryClass   = "hep-ph",
      reportNumber   = "JLAB-THY-16-2215",
      SLACcitation   = "%%CITATION = ARXIV:1602.03154;%%"
}

@article{Harland-Lang:2014zoa,
      author         = "L. A. Harland-Lang et al.",
      title          = "{Parton distributions in the LHC era: MMHT 2014 PDFs}",
      journal        = "Eur. Phys. J.",
      volume         = "C75",
      year           = "2015",
      number         = "5",
      pages          = "204",
      doi            = "10.1140/epjc/s10052-015-3397-6",
      eprint         = "1412.3989",
      archivePrefix  = "arXiv",
      primaryClass   = "hep-ph",
      reportNumber   = "LCTS-2014-47, IPPP-14-97, DCPT-14-194",
      SLACcitation   = "%%CITATION = ARXIV:1412.3989;%%"
}


@article{H1:2018flt,
      author         = "H. Abramowicz et al.",
      title          = "{Combination and QCD analysis of charm and beauty
                        production cross-section measurements in deep inelastic
                        $ep$ scattering at HERA}",
      collaboration  = "ZEUS, H1",
      year           = "2018",
      eprint         = "1804.01019",
      archivePrefix  = "arXiv",
      primaryClass   = "hep-ex",
      reportNumber   = "DESY 18-037, DESY-18-037",
      SLACcitation   = "%%CITATION = ARXIV:1804.01019;%%"
}



@article{Samoylov:2013xoa,
      author         = "O. Samoylov et al.",
      title          = "{A Precision Measurement of Charm Dimuon Production in
                        Neutrino Interactions from the NOMAD Experiment}",
      collaboration  = "NOMAD",
      journal        = "Nucl. Phys.",
      volume         = "B876",
      year           = "2013",
      pages          = "339-375",
      doi            = "10.1016/j.nuclphysb.2013.08.021",
      eprint         = "1308.4750",
      archivePrefix  = "arXiv",
      primaryClass   = "hep-ex",
      SLACcitation   = "%%CITATION = ARXIV:1308.4750;%%"
}

@article{Aaboud:2017dvo,
      author         = "M. Aaboud et al.",
      title          = "{Measurement of the inclusive jet cross-sections in
                        proton-proton collisions at $ \sqrt{s}=8 $ TeV with the
                        ATLAS detector}",
      collaboration  = "ATLAS",
      journal        = "JHEP",
      volume         = "09",
      year           = "2017",
      pages          = "020",
      doi            = "10.1007/JHEP09(2017)020",
      eprint         = "1706.03192",
      archivePrefix  = "arXiv",
      primaryClass   = "hep-ex",
      reportNumber   = "CERN-EP-2017-043",
      SLACcitation   = "%%CITATION = ARXIV:1706.03192;%%"
}



@article{Munier:1998vk,
      author         = "S. Munier and R. B. Peschanski",
      title          = "{High-energy factorization predictions for the charm
                        structure function F2(c) at HERA}",
      journal        = "Nucl. Phys.",
      volume         = "B524",
      year           = "1998",
      pages          = "377-393",
      doi            = "10.1016/S0550-3213(98)00212-0",
      eprint         = "hep-ph/9802230",
      archivePrefix  = "arXiv",
      primaryClass   = "hep-ph",
      reportNumber   = "SACLAY-SPH-T-98-009",
      SLACcitation   = "%%CITATION = HEP-PH/9802230;%%"
}

% ----- General background refs
@thesis{Hartland:2014nha,
    author = "Hartland, Nathan",
    title = "{Proton structure at the LHC}",
    eprint = "1411.0259",
    archivePrefix = "arXiv",
    primaryClass = "hep-ph",
    type = "Other thesis",
    month = "11",
    year = "2014"
}

@book{HalzenF.Francis1984Qal:,
publisher = {John Wiley},
isbn = {0471887412},
year = {1984},
title = {Quarks and leptons : an introductory course in modern particle physics},
language = {eng},
address = {New York] ; [Chichester]},
author = {Halzen, F. (Francis)},
keywords = {Quarks; Leptons (Nuclear physics)},
}

@book{EllisR.K.R.Keith1996Qacp,
series = {Cambridge monographs on particle physics, nuclear physics, and cosmology ; 8},
abstract = {A detailed overview of the physics of high-energy colliders emphasising the role of QCD.},
publisher = {Cambridge University Press},
isbn = {1-316-17499-9},
year = {1996},
title = {QCD and collider physics},
language = {eng},
address = {Cambridge ; New York},
author = {Ellis, R. K. (R. Keith)},
keywords = {Quantum chromodynamics; Colliders (Nuclear physics); Electronic books},
lccn = {96031560},
}

@Article{jr:collins,
Author = "J.C. Collins, D.E. Soper and G. Sterman",
Title = "Factorisation of Hard Processes in QCD",
Journal = "arXiv:hep-ph/0409313",
Year = 2004}

% Quark model refs
@article{GellMann:1962xb,
    author = "Gell-Mann, Murray",
    title = "{Symmetries of baryons and mesons}",
    doi = "10.1103/PhysRev.125.1067",
    journal = "Phys. Rev.",
    volume = "125",
    pages = "1067--1084",
    year = "1962"
}

@article{GellMann:1964nj,
    author = "Gell-Mann, Murray",
    title = "{A Schematic Model of Baryons and Mesons}",
    doi = "10.1016/S0031-9163(64)92001-3",
    journal = "Phys. Lett.",
    volume = "8",
    pages = "214--215",
    year = "1964"
}

@article{Dothan:1965aa,
    author = "Dothan, Y. and Gell-Mann, Murray and Ne'eman, Yuval",
    editor = "Ruffini, R. and Verbin, Y.",
    title = "{Series of Hadron Energy Levels as Representations of Noncompact Groups}",
    doi = "10.1016/0031-9163(65)90279-9",
    journal = "Phys. Lett.",
    volume = "17",
    pages = "148--151",
    year = "1965"
}

@inbook{Zweig:1964jf,
    author = "Zweig, G.",
    editor = "Lichtenberg, D.B. and Rosen, Simon Peter",
    title = "{An SU(3) model for strong interaction symmetry and its breaking. Version 2}",
    booktitle = "{DEVELOPMENTS IN THE QUARK THEORY OF HADRONS. VOL. 1. 1964 - 1978}",
    reportNumber = "CERN-TH-412, NP-14146, PRINT-64-170",
    pages = "22--101",
    month = "2",
    year = "1964"
}

% DIS old refs
@article{Feynman:1973xc,
    author = "Feynman, R.P.",
    title = "{Photon-hadron interactions}",
    year = "1973"
}
@article{Feynman:1969wa,
    author = "Feynman, R.P.",
    title = "{The behavior of hadron collisions at extreme energies}",
    journal = "Conf. Proc. C",
    volume = "690905",
    pages = "237--258",
    year = "1969"
}

@article{Feynman:1969ej,
    author = "Feynman, Richard P.",
    editor = "Brown, L.M.",
    title = "{Very high-energy collisions of hadrons}",
    reportNumber = "PRINT-69-2817",
    doi = "10.1103/PhysRevLett.23.1415",
    journal = "Phys. Rev. Lett.",
    volume = "23",
    pages = "1415--1417",
    year = "1969"
}

@article{Bjorken:1968dy,
    author = "Bjorken, J.D.",
    title = "{Asymptotic Sum Rules at Infinite Momentum}",
    reportNumber = "SLAC-PUB-0510",
    doi = "10.1103/PhysRev.179.1547",
    journal = "Phys. Rev.",
    volume = "179",
    pages = "1547--1553",
    year = "1969"
}

@article{Callan:1973pu,
    author = "Callan, Curtis G., Jr. and Gross, David J.",
    title = "{Bjorken scaling in quantum field theory}",
    doi = "10.1103/PhysRevD.8.4383",
    journal = "Phys. Rev. D",
    volume = "8",
    pages = "4383--4394",
    year = "1973"
}

@article{Callan:1968zza,
    author = "Callan, C.G. and Gross, David J.",
    title = "{Crucial Test of a Theory of Currents}",
    doi = "10.1103/PhysRevLett.21.311",
    journal = "Phys. Rev. Lett.",
    volume = "21",
    pages = "311--313",
    year = "1968"
}


@Article{jr:altarelli,
Author = "G. Altarelli and G. Parisi",
Title = "Asymptotic Freedom in Parton Language",
Journal = "Nucl. Phys. B",
Year = 1977
}

@Article{jr:dokshitzer,
Author = "Y. L. Dokshitzer",
Journal = "Sov. Phys.",
Year = 1977
}

@Article{jr:gribov,
Author = "L. N. Gribov and V. N. Lipatov",
Journal = "Sov. J. Nucl. Phys",
Year = 1972
}

% -- KLN
@article{Kinoshita:1962ur,
    author = "Kinoshita, T.",
    title = "{Mass singularities of Feynman amplitudes}",
    doi = "10.1063/1.1724268",
    journal = "J. Math. Phys.",
    volume = "3",
    pages = "650--677",
    year = "1962"
}

@article{Lee:1964is,
    author = "Lee, T.D. and Nauenberg, M.",
    editor = "Feinberg, G.",
    title = "{Degenerate Systems and Mass Singularities}",
    doi = "10.1103/PhysRev.133.B1549",
    journal = "Phys. Rev.",
    volume = "133",
    pages = "B1549--B1562",
    year = "1964"
}




