@article{Forte:2020yip,
    author = "Forte, Stefano and Carrazza, Stefano",
    title = "{Parton distribution functions}",
    eprint = "2008.12305",
    archivePrefix = "arXiv",
    primaryClass = "hep-ph",
    reportNumber = "TIF-UNIMI-2020-23",
    month = "8",
    year = "2020"
}

@article{Ethier:2020way,
    author = "Ethier, Jacob J. and Nocera, Emanuele R.",
    title = "{Parton Distributions in Nucleons and Nuclei}",
    eprint = "2001.07722",
    archivePrefix = "arXiv",
    primaryClass = "hep-ph",
    reportNumber = "Nikhef/2020-003",
    doi = "10.1146/annurev-nucl-011720-042725",
    journal = "Ann. Rev. Nucl. Part. Sci.",
    number = "70",
    pages = "1--34",
    year = "2020"
}

@article{Rojo:2019uip,
    author = "Rojo, Juan",
    title = "{The Partonic Content of Nucleons and Nuclei}",
    eprint = "1910.03408",
    archivePrefix = "arXiv",
    primaryClass = "hep-ph",
    reportNumber = "Nikhef/2019-042",
    month = "10",
    year = "2019"
}

@article{Ball:2012wy,
    author = "Ball, Richard D. and others",
    title = "{Parton Distribution Benchmarking with LHC Data}",
    eprint = "1211.5142",
    archivePrefix = "arXiv",
    primaryClass = "hep-ph",
    reportNumber = "CERN-PH-TH-2012-263",
    doi = "10.1007/JHEP04(2013)125",
    journal = "JHEP",
    volume = "04",
    pages = "125",
    year = "2013"
}

@article{Cepeda:2019klc,
    author = "Cepeda, M. and others",
    editor = "Dainese, Andrea and Mangano, Michelangelo and Meyer, Andreas B. and Nisati, Aleandro and Salam, Gavin and Vesterinen, Mika Anton",
    title = "{Report from Working Group 2}: {Higgs Physics at the HL-LHC and HE-LHC}",
    eprint = "1902.00134",
    archivePrefix = "arXiv",
    primaryClass = "hep-ph",
    reportNumber = "CERN-LPCC-2018-04",
    doi = "10.23731/CYRM-2019-007.221",
    journal = "CERN Yellow Rep. Monogr.",
    volume = "7",
    pages = "221--584",
    year = "2019"
}

@article{Azzi:2019yne,
    author = "Azzi, P. and others",
    editor = "Dainese, Andrea and Mangano, Michelangelo and Meyer, Andreas B. and Nisati, Aleandro and Salam, Gavin and Vesterinen, Mika Anton",
    title = "{Report from Working Group 1}: {Standard Model Physics at the HL-LHC and HE-LHC}",
    eprint = "1902.04070",
    archivePrefix = "arXiv",
    primaryClass = "hep-ph",
    reportNumber = "CERN-LPCC-2018-03",
    doi = "10.23731/CYRM-2019-007.1",
    journal = "CERN Yellow Rep. Monogr.",
    volume = "7",
    pages = "1--220",
    year = "2019"
}

@inbook{Ball:2018lag,
    author = "Ball, Richard D. and Deshpande, Abhay",
    editor = "Levy, Aharon and Forte, Stefano and Ridolfi, Giovanni",
    title = "{The proton spin, semi-inclusive processes, and measurements at a future Electron Ion Collider}: {\rm in} {`From My Vast Repertoire: Guido Altarelli's Legacy', eds A.~Levy, S.~Forte and G.~Ridolfi}",
    booktitle = "{From My Vast Repertoire: Guido Altarelli's Legacy}",
    eprint = "1801.04842",
    archivePrefix = "arXiv",
    primaryClass = "hep-ph",
    reportNumber = "Edinburgh 2018/3, BNL-200028-2018-JAAM, EDINBURGH-2018-3",
    doi = "10.1142/9789813238053_0011",
    year = "2019"
}

@article{Ball:2018twp,
    author = "Ball, Richard D. and Nocera, Emanuele R. and Pearson, Rosalyn L.",
    title = "{Nuclear Uncertainties in the Determination of Proton PDFs}",
    eprint = "1812.09074",
    archivePrefix = "arXiv",
    primaryClass = "hep-ph",
    reportNumber = "Edinburgh 2018/4; Nikhef 2018-062, Edinburgh 2018/4, Nikhef 2018-062",
    doi = "10.1140/epjc/s10052-019-6793-5",
    journal = "Eur. Phys. J. C",
    volume = "79",
    number = "3",
    pages = "282",
    year = "2019"
}

@article{Ball:2020xqw,
    author = "Ball, Richard D. and Nocera, Emanuele R. and Pearson, Rosalyn L.",
    title = "{Deuteron Uncertainties in the Determination of Proton PDFs}",
    eprint = "2011.00009",
    archivePrefix = "arXiv",
    primaryClass = "hep-ph",
    reportNumber = "Edinburgh 2020/15, Nikhef/2020-033",
    doi = "10.1140/epjc/s10052-020-08826-7",
    journal = "Eur. Phys. J. C",
    volume = "81",
    number = "1",
    pages = "37",
    year = "2021"
}

@article{Ball:2017nwa,
	author         = "Ball, Richard D. and others",
	title          = "{Parton distributions from high-precision collider data}",
	collaboration  = "NNPDF",
	journal        = "Eur. Phys. J.",
	volume         = "C77",
	year           = "2017",
	number         = "10",
	pages          = "663",
	doi            = "10.1140/epjc/s10052-017-5199-5",
	eprint         = "1706.00428",
	archivePrefix  = "arXiv",
	primaryClass   = "hep-ph",
	reportNumber   = "CAVENDISH-HEP-17-06, CERN-TH-2017-077, EDINBURGH-2017-08,
	NIKHEF-2017-006, OUTP-17-04P, TIF-UNIMI-2017-3",
	SLACcitation   = "%%CITATION = ARXIV:1706.00428;%%"
}

@article{Pearson:2018tim,
    author = "Pearson, R. L. and Voisey, C.",
    editor = "Narison, St\'ephan",
    title = "{Towards parton distribution functions with theoretical uncertainties}",
    eprint = "1810.01996",
    archivePrefix = "arXiv",
    primaryClass = "hep-ph",
    doi = "10.1016/j.nuclphysbps.2018.12.006",
    journal = "Nucl. Part. Phys. Proc.",
    volume = "300-302",
    pages = "24--29",
    year = "2018"
}

@article{AbdulKhalek:2019bux,
    author = "Abdul Khalek, Rabah and others",
    collaboration = "NNPDF",
    title = "{A first determination of parton distributions with theoretical uncertainties}",
    eprint = "1905.04311",
    archivePrefix = "arXiv",
    primaryClass = "hep-ph",
    reportNumber = "CAVENDISH-HEP-19-07, DAMTP-2019-20, Edinburgh 2019/07, Nikhef
  2019-013, TIF-UNIMI-2019-4",
    doi = "10.1140/epjc/s10052-019-7364-5",
    journal = "Eur. Phys. J.",
    volume = "C",
    pages = "79:838",
    year = "2019"
}


@article{AbdulKhalek:2019ihb,
    author = "Abdul Khalek, Rabah and others",
    collaboration = "NNPDF",
    title = "{Parton Distributions with Theory Uncertainties: General Formalism and First Phenomenological Studies}",
    eprint = "1906.10698",
    archivePrefix = "arXiv",
    primaryClass = "hep-ph",
    reportNumber = "Edinburgh 2019/9, Nikhef/2019-014, TIF-UNIMI-2019-9 DAMTP-2019-24,
  CAVENDISH-HEP-19-11",
    doi = "10.1140/epjc/s10052-019-7401-4",
    journal = "Eur. Phys. J. C",
    volume = "79",
    number = "11",
    pages = "931",
    year = "2019"
}

@article{Cacciari:2011ze,
    author = "Cacciari, Matteo and Houdeau, Nicolas",
    title = "{Meaningful characterisation of perturbative theoretical uncertainties}",
    eprint = "1105.5152",
    archivePrefix = "arXiv",
    primaryClass = "hep-ph",
    doi = "10.1007/JHEP09(2011)039",
    journal = "JHEP",
    volume = "09",
    pages = "039",
    year = "2011"
}

@article{Bagnaschi:2014wea,
    author = "Bagnaschi, Emanuele and Cacciari, Matteo and Guffanti, Alberto and Jenniches, Laura",
    title = "{An extensive survey of the estimation of uncertainties from missing higher orders in perturbative calculations}",
    eprint = "1409.5036",
    archivePrefix = "arXiv",
    primaryClass = "hep-ph",
    reportNumber = "LPN14-115",
    doi = "10.1007/JHEP02(2015)133",
    journal = "JHEP",
    volume = "02",
    pages = "133",
    year = "2015"
}

@article{Bonvini:2020xeo,
    author = "Bonvini, Marco",
    title = "{Probabilistic definition of the perturbative theoretical uncertainty from missing higher orders}",
    eprint = "2006.16293",
    archivePrefix = "arXiv",
    primaryClass = "hep-ph",
    doi = "10.1140/epjc/s10052-020-08545-z",
    journal = "Eur. Phys. J. C",
    volume = "80",
    number = "10",
    pages = "989",
    year = "2020"
}

@article{Harland-Lang:2018bxd,
    author = "Harland-Lang, L. A. and Thorne, R. S.",
    title = "{On the Consistent Use of Scale Variations in PDF Fits and Predictions}",
    eprint = "1811.08434",
    archivePrefix = "arXiv",
    primaryClass = "hep-ph",
    doi = "10.1140/epjc/s10052-019-6731-6",
    journal = "Eur. Phys. J. C",
    volume = "79",
    number = "3",
    pages = "225",
    year = "2019"
}

@article{Ball:2014uwa,
    author = "Ball, Richard D. and others",
    collaboration = "NNPDF",
    title = "{Parton distributions for the LHC Run II}",
    eprint = "1410.8849",
    archivePrefix = "arXiv",
    primaryClass = "hep-ph",
    reportNumber = "EDINBURGH-2014-15, IFUM-1034-FT, CERN-PH-TH-2013-253, OUTP-14-11P, CAVENDISH-HEP-14-11",
    doi = "10.1007/JHEP04(2015)040",
    journal = "JHEP",
    volume = "04",
    pages = "040",
    year = "2015"
}

@article{Alekhin:2000ch,
    author = "Alekhin, Sergey I.",
    title = "{Global fit to the charged leptons DIS data: alpha(s) parton distributions, and high twists}",
    eprint = "hep-ph/0011002",
    archivePrefix = "arXiv",
    reportNumber = "IHEP-2000-39",
    doi = "10.1103/PhysRevD.63.094022",
    journal = "Phys. Rev. D",
    volume = "63",
    pages = "094022",
    year = "2001"
}

@article{Kovarik:2010uv,
    author = "Kovarik, K. and Schienbein, I. and Olness, F. I. and Yu, J. Y. and Keppel, C. and Morfin, J. G. and Owens, J. F. and Stavreva, T.",
    title = "{Nuclear Corrections in Neutrino-Nucleus DIS and Their Compatibility with Global NPDF Analyses}",
    eprint = "1012.0286",
    archivePrefix = "arXiv",
    primaryClass = "hep-ph",
    reportNumber = "LPSC-10-157, KA-TP-36-2010, FERMILAB-PUB-10-732-T",
    doi = "10.1103/PhysRevLett.106.122301",
    journal = "Phys. Rev. Lett.",
    volume = "106",
    pages = "122301",
    year = "2011"
}

@article{Owens:2012bv,
      author         = "Owens, J. F. and Accardi, A. and Melnitchouk, W.",
      title          = "{Global parton distributions with nuclear and
                        finite-$Q^2$ corrections}",
      journal        = "Phys. Rev.",
      volume         = "D87",
      year           = "2013",
      number         = "9",
      pages          = "094012",
      doi            = "10.1103/PhysRevD.87.094012",
      eprint         = "1212.1702",
      archivePrefix  = "arXiv",
      primaryClass   = "hep-ph",
      reportNumber   = "JLAB-THY-13-5",
      SLACcitation   = "%%CITATION = ARXIV:1212.1702;%%"
}

@article{Ball:2013gsa,
      author         = "Ball, Richard D. and Bertone, Valerio and Del Debbio,
                        Luigi and Forte, Stefano and Guffanti, Alberto and Rojo,
                        Juan and Ubiali, Maria",
      title          = "{Theoretical issues in PDF determination and associated
                        uncertainties}",
      journal        = "Phys. Lett.",
      volume         = "B723",
      year           = "2013",
      pages          = "330-339",
      doi            = "10.1016/j.physletb.2013.05.019",
      eprint         = "1303.1189",
      archivePrefix  = "arXiv",
      primaryClass   = "hep-ph",
      reportNumber   = "CERN-PH-TH-2013-035, EDINBURGH-2013-02,
                        FR-PHENO-2013-003, IFUM-1008-FT, TTK-13-06",
      SLACcitation   = "%%CITATION = ARXIV:1303.1189;%%"
}

@article{Harland-Lang:2014zoa,
      author         = "Harland-Lang, L. A. and Martin, A. D. and Motylinski, P.
                        and Thorne, R. S.",
      title          = "{Parton distributions in the LHC era: MMHT 2014 PDFs}",
      journal        = "Eur. Phys. J.",
      volume         = "C75",
      year           = "2015",
      number         = "5",
      pages          = "204",
      doi            = "10.1140/epjc/s10052-015-3397-6",
      eprint         = "1412.3989",
      archivePrefix  = "arXiv",
      primaryClass   = "hep-ph",
      reportNumber   = "LCTS-2014-47, IPPP-14-97, DCPT-14-194",
      SLACcitation   = "%%CITATION = ARXIV:1412.3989;%%"
}

@article{Accardi:2016qay,
      author         = "Accardi, A. and Brady, L. T. and Melnitchouk, W. and
                        Owens, J. F. and Sato, N.",
      title          = "{Constraints on large-$x$ parton distributions from new
                        weak boson production and deep-inelastic scattering data}",
      journal        = "Phys. Rev.",
      volume         = "D93",
      year           = "2016",
      number         = "11",
      pages          = "114017",
      doi            = "10.1103/PhysRevD.93.114017",
      eprint         = "1602.03154",
      archivePrefix  = "arXiv",
      primaryClass   = "hep-ph",
      reportNumber   = "JLAB-THY-16-2215",
      SLACcitation   = "%%CITATION = ARXIV:1602.03154;%%"
}

@article{Alekhin:2017fpf,
    author = "Alekhin, S. I. and Kulagin, S. A. and Petti, R.",
    title = "{Nuclear Effects in the Deuteron and Constraints on the d/u Ratio}",
    eprint = "1704.00204",
    archivePrefix = "arXiv",
    primaryClass = "nucl-th",
    doi = "10.1103/PhysRevD.96.054005",
    journal = "Phys. Rev. D",
    volume = "96",
    number = "5",
    pages = "054005",
    year = "2017"
}

@article{Sirunyan:2018ucr,
    author = "Sirunyan, Albert M and others",
    collaboration = "CMS",
    title = "{Measurements of $\mathrm{t\overline{t}}$ differential cross sections in proton-proton collisions at $\sqrt{s}=$ 13 TeV using events containing two leptons}",
    eprint = "1811.06625",
    archivePrefix = "arXiv",
    primaryClass = "hep-ex",
    reportNumber = "CMS-TOP-17-014, CERN-EP-2018-252",
    doi = "10.1007/JHEP02(2019)149",
    journal = "JHEP",
    volume = "02",
    pages = "149",
    year = "2019"
}

@article{Sirunyan:2018wem,
    author = "Sirunyan, Albert M and others",
    collaboration = "CMS",
    title = "{Measurement of differential cross sections for the production of top quark pairs and of additional jets in lepton+jets events from pp collisions at $\sqrt{s} =$ 13 TeV}",
    eprint = "1803.08856",
    archivePrefix = "arXiv",
    primaryClass = "hep-ex",
    reportNumber = "CMS-TOP-17-002, CERN-EP-2018-039",
    doi = "10.1103/PhysRevD.97.112003",
    journal = "Phys. Rev. D",
    volume = "97",
    number = "11",
    pages = "112003",
    year = "2018"
}

@article{Gleisberg:2008ta,
    author = "Gleisberg, T. and Hoeche, Stefan. and Krauss, F. and Schonherr, M. and Schumann, S. and Siegert, F. and Winter, J.",
    title = "{Event generation with SHERPA 1.1}",
    eprint = "0811.4622",
    archivePrefix = "arXiv",
    primaryClass = "hep-ph",
    reportNumber = "FERMILAB-PUB-08-477-T, SLAC-PUB-13420, ZU-TH-17-08, DCPT-08-138, IPPP-08-69, EDINBURGH-2008-30, MCNET-08-14",
    doi = "10.1088/1126-6708/2009/02/007",
    journal = "JHEP",
    volume = "02",
    pages = "007",
    year = "2009"
}

@article{Carli:2010rw,
    author = "Carli, Tancredi and Clements, Dan and Cooper-Sarkar, Amanda and Gwenlan, Claire and Salam, Gavin P. and Siegert, Frank and Starovoitov, Pavel and Sutton, Mark",
    title = "{A posteriori inclusion of parton density functions in NLO QCD final-state calculations at hadron colliders: The APPLGRID Project}",
    eprint = "0911.2985",
    archivePrefix = "arXiv",
    primaryClass = "hep-ph",
    doi = "10.1140/epjc/s10052-010-1255-0",
    journal = "Eur. Phys. J. C",
    volume = "66",
    pages = "503--524",
    year = "2010"
}

@article{DelDebbio:2013kxa,
    author = "Del Debbio, Luigi and Hartland, Nathan P. and Schumann, Steffen",
    title = "{MCgrid: projecting cross section calculations on grids}",
    eprint = "1312.4460",
    archivePrefix = "arXiv",
    primaryClass = "hep-ph",
    reportNumber = "MCNET-13-21, EDINBURGH-2013-36",
    doi = "10.1016/j.cpc.2014.03.023",
    journal = "Comput. Phys. Commun.",
    volume = "185",
    pages = "2115--2126",
    year = "2014"
}

@article{Buckley:2010ar,
    author = "Buckley, Andy and Butterworth, Jonathan and Grellscheid, David and Hoeth, Hendrik and Lonnblad, Leif and Monk, James and Schulz, Holger and Siegert, Frank",
    title = "{Rivet user manual}",
    eprint = "1003.0694",
    archivePrefix = "arXiv",
    primaryClass = "hep-ph",
    reportNumber = "MCNET-10-03, MCnet/10/03",
    doi = "10.1016/j.cpc.2013.05.021",
    journal = "Comput. Phys. Commun.",
    volume = "184",
    pages = "2803--2819",
    year = "2013"
}

@article{Cascioli:2011va,
    author = "Cascioli, Fabio and Maierhofer, Philipp and Pozzorini, Stefano",
    title = "{Scattering Amplitudes with Open Loops}",
    eprint = "1111.5206",
    archivePrefix = "arXiv",
    primaryClass = "hep-ph",
    reportNumber = "ZU-TH-23-11, LPN11-66",
    doi = "10.1103/PhysRevLett.108.111601",
    journal = "Phys. Rev. Lett.",
    volume = "108",
    pages = "111601",
    year = "2012"
}

@article{Czakon:2016dgf,
    author = "Czakon, Michal and Heymes, David and Mitov, Alexander",
    title = "{Dynamical scales for multi-TeV top-pair production at the LHC}",
    eprint = "1606.03350",
    archivePrefix = "arXiv",
    primaryClass = "hep-ph",
    reportNumber = "CAVENDISH-HEP-16-08, TTK-16-21",
    doi = "10.1007/JHEP04(2017)071",
    journal = "JHEP",
    volume = "04",
    pages = "071",
    year = "2017"
}

@article{Ball:2013bra,
    author = "Ball, Richard D. and Bonvini, Marco and Forte, Stefano and Marzani, Simone and Ridolfi, Giovanni",
    title = "{Higgs production in gluon fusion beyond NNLO}",
    eprint = "1303.3590",
    archivePrefix = "arXiv",
    primaryClass = "hep-ph",
    reportNumber = "DCPT-13-30, DESY-13-001, EDINBURGH-2012-25, IFUM-1010-FT, IPPP-13-15",
    doi = "10.1016/j.nuclphysb.2013.06.012",
    journal = "Nucl. Phys. B",
    volume = "874",
    pages = "746--772",
    year = "2013"
}

@article{Bonvini:2014jma,
    author = "Bonvini, Marco and Ball, Richard D. and Forte, Stefano and Marzani, Simone and Ridolfi, Giovanni",
    title = "{Updated Higgs cross section at approximate N$^3$LO}",
    eprint = "1404.3204",
    archivePrefix = "arXiv",
    primaryClass = "hep-ph",
    reportNumber = "DESY-14-052, IFUM-1026-FT, DCPT-14-62, IPPP-14-31",
    doi = "10.1088/0954-3899/41/9/095002",
    journal = "J. Phys. G",
    volume = "41",
    pages = "095002",
    year = "2014"
}

@article{Bonvini:2016frm,
    author = "Bonvini, Marco and Marzani, Simone and Muselli, Claudio and Rottoli, Luca",
    title = "{On the Higgs cross section at N$^{3}$LO+N$^{3}$LL and its uncertainty}",
    eprint = "1603.08000",
    archivePrefix = "arXiv",
    primaryClass = "hep-ph",
    reportNumber = "OUTP-16-05P, TIF-UNIMI-2016-2",
    doi = "10.1007/JHEP08(2016)105",
    journal = "JHEP",
    volume = "08",
    pages = "105",
    year = "2016"
}

@article{Bailey:2020ooq,
    author = "Bailey, S. and Cridge, T. and Harland-Lang, L. A. and Martin, A. D. and Thorne, R. S.",
    title = "{Parton distributions from LHC, HERA, Tevatron and fixed target data: MSHT20 PDFs}",
    eprint = "2012.04684",
    archivePrefix = "arXiv",
    primaryClass = "hep-ph",
    reportNumber = "IPPP/20/58",
    doi = "10.1140/epjc/s10052-021-09057-0",
    journal = "Eur. Phys. J. C",
    volume = "81",
    number = "4",
    pages = "341",
    year = "2021"
}

@article{Hou:2019efy,
    author = "Hou, Tie-Jiun and others",
    title = "{New CTEQ global analysis of quantum chromodynamics with high-precision data from the LHC}",
    eprint = "1912.10053",
    archivePrefix = "arXiv",
    primaryClass = "hep-ph",
    reportNumber = "MSUHEP-19-025, PITT-PACC-1911, SMU-HEP-19-03",
    doi = "10.1103/PhysRevD.103.014013",
    journal = "Phys. Rev. D",
    volume = "103",
    number = "1",
    pages = "014013",
    year = "2021"
}