@article{Forte:2010ta,
    author = "Forte, Stefano and Laenen, Eric and Nason, Paolo and Rojo, Juan",
    title = "{Heavy quarks in deep-inelastic scattering}",
    eprint = "1001.2312",
    archivePrefix = "arXiv",
    primaryClass = "hep-ph",
    reportNumber = "IFUM-949-FT, NIKHEF-2010-001, ITP-UU-10-03, ITFA-2010-01",
    doi = "10.1016/j.nuclphysb.2010.03.014",
    journal = "Nucl. Phys. B",
    volume = "834",
    pages = "116--162",
    year = "2010"
}
@article{Ball:2013gsa,
    author = "Ball, Richard D. and Bertone, Valerio and Del Debbio, Luigi and Forte, Stefano and Guffanti, Alberto and Rojo, Juan and Ubiali, Maria",
    collaboration = "NNPDF",
    title = "{Theoretical issues in PDF determination and associated uncertainties}",
    eprint = "1303.1189",
    archivePrefix = "arXiv",
    primaryClass = "hep-ph",
    reportNumber = "CERN-PH-TH-2013-035, EDINBURGH-2013-02, FR-PHENO-2013-003, IFUM-1008-FT, TTK-13-06",
    doi = "10.1016/j.physletb.2013.05.019",
    journal = "Phys. Lett. B",
    volume = "723",
    pages = "330--339",
    year = "2013"
}
@inproceedings{Hoang:2014oea,
    author = "Hoang, Andr\'e H.",
    title = "{The Top Mass: Interpretation and Theoretical Uncertainties}",
    booktitle = "{7th International Workshop on Top Quark Physics}",
    eprint = "1412.3649",
    archivePrefix = "arXiv",
    primaryClass = "hep-ph",
    reportNumber = "UWTHPH-2014-33",
    month = "12",
    year = "2014"
}
@article{Ball:2018iqk,
    author = "Ball, Richard D. and Carrazza, Stefano and Del Debbio, Luigi and Forte, Stefano and Kassabov, Zahari and Rojo, Juan and Slade, Emma and Ubiali, Maria",
    collaboration = "NNPDF",
    title = "{Precision determination of the strong coupling constant within a global PDF analysis}",
    eprint = "1802.03398",
    archivePrefix = "arXiv",
    primaryClass = "hep-ph",
    reportNumber = "CAVENDISH-HEP-18-02, CERN-TH-2018-024, Edinburgh 2017/19, Nikhef/2017-046, OUTP-17-14P, DAMTP-2018-3, TIF-UNIMI-2018-1, EDINBURGH-2017-19, NIKHEF-2017-046",
    doi = "10.1140/epjc/s10052-018-5897-7",
    journal = "Eur. Phys. J. C",
    volume = "78",
    number = "5",
    pages = "408",
    year = "2018"
}

@inproceedings{DAgostini:1998klm,
    author = "D'Agostini, G.",
    title = "{Bayesian reasoning versus conventional statistics in high-energy physics}",
    booktitle = "{18th International Workshop on Maximum Entropy and Bayesian Methods (MaxEnt 98)}",
    eprint = "physics/9811046",
    archivePrefix = "arXiv",
    month = "7",
    year = "1998"
}

@article{DAgostini:2003bpu,
    author = "D'Agostini, G.",
    title = "{Bayesian inference in processing experimental data: Principles and basic applications}",
    eprint = "physics/0304102",
    archivePrefix = "arXiv",
    doi = "10.1088/0034-4885/66/9/201",
    journal = "Rept. Prog. Phys.",
    volume = "66",
    pages = "1383--1420",
    year = "2003"
}
