\providecommand{\href}[2]{#2}\begingroup\raggedright\begin{thebibliography}{10}

\bibitem{Gao_2018}
J.~Gao, L.~Harland-Lang, and J.~Rojo, {\it The structure of the proton in the
  lhc precision era},  {\em Physics Reports} {\bf 742} (May, 2018) 1â€“121.

\bibitem{Ethier:2020way}
J.~J. Ethier and E.~R. Nocera, {\it {Parton Distributions in Nucleons and
  Nuclei}},  {\em Ann. Rev. Nucl. Part. Sci.} (2020), no.~70 1--34,
  [\href{http://arxiv.org/abs/2001.07722}{{\tt arXiv:2001.07722}}].

\bibitem{Forte:2020yip}
S.~Forte and S.~Carrazza, {\it {Parton distribution functions}},
  \href{http://arxiv.org/abs/2008.12305}{{\tt arXiv:2008.12305}}.

\bibitem{Owens:2012bv}
J.~Owens, A.~Accardi, and W.~Melnitchouk, {\it {Global parton distributions
  with nuclear and finite-$Q^2$ corrections}},  {\em Phys. Rev. D} {\bf 87}
  (2013), no.~9 094012, [\href{http://arxiv.org/abs/1212.1702}{{\tt
  arXiv:1212.1702}}].

\bibitem{Ball:2013gsa}
{\bf NNPDF} Collaboration, R.~D. Ball, V.~Bertone, L.~Del~Debbio, S.~Forte,
  A.~Guffanti, J.~Rojo, and M.~Ubiali, {\it {Theoretical issues in PDF
  determination and associated uncertainties}},  {\em Phys. Lett. B} {\bf 723}
  (2013) 330--339, [\href{http://arxiv.org/abs/1303.1189}{{\tt
  arXiv:1303.1189}}].

\bibitem{Harland-Lang:2014zoa}
L.~Harland-Lang, A.~Martin, P.~Motylinski, and R.~Thorne, {\it {Parton
  distributions in the LHC era: MMHT 2014 PDFs}},  {\em Eur. Phys. J. C} {\bf
  75} (2015), no.~5 204, [\href{http://arxiv.org/abs/1412.3989}{{\tt
  arXiv:1412.3989}}].

\bibitem{Accardi:2016qay}
A.~Accardi, L.~Brady, W.~Melnitchouk, J.~Owens, and N.~Sato, {\it {Constraints
  on large-$x$ parton distributions from new weak boson production and
  deep-inelastic scattering data}},  {\em Phys. Rev. D} {\bf 93} (2016), no.~11
  114017, [\href{http://arxiv.org/abs/1602.03154}{{\tt arXiv:1602.03154}}].

\bibitem{Alekhin:2017fpf}
S.~Alekhin, S.~Kulagin, and R.~Petti, {\it {Nuclear Effects in the Deuteron and
  Constraints on the d/u Ratio}},  {\em Phys. Rev. D} {\bf 96} (2017), no.~5
  054005, [\href{http://arxiv.org/abs/1704.00204}{{\tt arXiv:1704.00204}}].

\bibitem{Wiringa:1994wb}
R.~B. Wiringa, V.~Stoks, and R.~Schiavilla, {\it {An Accurate nucleon-nucleon
  potential with charge independence breaking}},  {\em Phys. Rev. C} {\bf 51}
  (1995) 38--51, [\href{http://arxiv.org/abs/nucl-th/9408016}{{\tt
  nucl-th/9408016}}].

\bibitem{Melnitchouk:1994rv}
W.~Melnitchouk, A.~W. Schreiber, and A.~W. Thomas, {\it {Relativistic deuteron
  structure function}},  {\em Phys. Lett. B} {\bf 335} (1994) 11--16,
  [\href{http://arxiv.org/abs/nucl-th/9407007}{{\tt nucl-th/9407007}}].

\bibitem{Melnitchouk:1996vp}
W.~Melnitchouk, M.~Sargsian, and M.~Strikman, {\it {Probing the origin of the
  EMC effect via tagged structure functions of the deuteron}},  {\em Z. Phys.
  A} {\bf 359} (1997) 99--109,
  [\href{http://arxiv.org/abs/nucl-th/9609048}{{\tt nucl-th/9609048}}].

\bibitem{Machleidt:2000ge}
R.~Machleidt, {\it {The High precision, charge dependent Bonn nucleon-nucleon
  potential (CD-Bonn)}},  {\em Phys. Rev. C} {\bf 63} (2001) 024001,
  [\href{http://arxiv.org/abs/nucl-th/0006014}{{\tt nucl-th/0006014}}].

\bibitem{Gross:2014wqa}
F.~Gross, {\it {Covariant spectator theory of np scattering: Deuteron magnetic
  moment}},  {\em Phys. Rev. C} {\bf 89} (2014), no.~6 064002,
  [\href{http://arxiv.org/abs/1404.1584}{{\tt arXiv:1404.1584}}]. [Erratum:
  Phys.Rev.C 101, 029901 (2020)].

\bibitem{Ball:2017nwa}
{\bf NNPDF} Collaboration, R.~D. Ball et~al., {\it {Parton distributions from
  high-precision collider data}},  {\em Eur. Phys. J. C} {\bf 77} (2017),
  no.~10 663, [\href{http://arxiv.org/abs/1706.00428}{{\tt arXiv:1706.00428}}].

\bibitem{Ball:2018lag}
R.~D. Ball and A.~Deshpande, {\em {The proton spin, semi-inclusive processes,
  and measurements at a future Electron Ion Collider}}, pp.~205--226.
\newblock 2019.
\newblock \href{http://arxiv.org/abs/1801.04842}{{\tt arXiv:1801.04842}}.

\bibitem{Ball:2018twp}
{\bf NNPDF} Collaboration, R.~D. Ball, E.~R. Nocera, and R.~L. Pearson, {\it
  {Nuclear Uncertainties in the Determination of Proton PDFs}},  {\em Eur.
  Phys. J. C} {\bf 79} (2019), no.~3 282,
  [\href{http://arxiv.org/abs/1812.09074}{{\tt arXiv:1812.09074}}].

\bibitem{Ball:2014uwa}
{\bf NNPDF} Collaboration, R.~D. Ball et~al., {\it {Parton distributions for
  the LHC Run II}},  {\em JHEP} {\bf 04} (2015) 040,
  [\href{http://arxiv.org/abs/1410.8849}{{\tt arXiv:1410.8849}}].

\bibitem{deFlorian:2011fp}
D.~de~Florian, R.~Sassot, P.~Zurita, and M.~Stratmann, {\it {Global Analysis of
  Nuclear Parton Distributions}},  {\em Phys. Rev. D} {\bf 85} (2012) 074028,
  [\href{http://arxiv.org/abs/1112.6324}{{\tt arXiv:1112.6324}}].

\bibitem{Kovarik:2015cma}
K.~Kovarik et~al., {\it {nCTEQ15 - Global analysis of nuclear parton
  distributions with uncertainties in the CTEQ framework}},  {\em Phys. Rev. D}
  {\bf 93} (2016), no.~8 085037, [\href{http://arxiv.org/abs/1509.00792}{{\tt
  arXiv:1509.00792}}].

\bibitem{Eskola:2016oht}
K.~J. Eskola, P.~Paakkinen, H.~Paukkunen, and C.~A. Salgado, {\it {EPPS16:
  Nuclear parton distributions with LHC data}},  {\em Eur. Phys. J. C} {\bf 77}
  (2017), no.~3 163, [\href{http://arxiv.org/abs/1612.05741}{{\tt
  arXiv:1612.05741}}].

\bibitem{Ball:2018iqk}
{\bf NNPDF} Collaboration, R.~D. Ball, S.~Carrazza, L.~Del~Debbio, S.~Forte,
  Z.~Kassabov, J.~Rojo, E.~Slade, and M.~Ubiali, {\it {Precision determination
  of the strong coupling constant within a global PDF analysis}},  {\em Eur.
  Phys. J. C} {\bf 78} (2018), no.~5 408,
  [\href{http://arxiv.org/abs/1802.03398}{{\tt arXiv:1802.03398}}].

\bibitem{Whitlow:1991uw}
L.~W. Whitlow, E.~M. Riordan, S.~Dasu, S.~Rock, and A.~Bodek, {\it {Precise
  measurements of the proton and deuteron structure functions from a global
  analysis of the SLAC deep inelastic electron scattering cross-sections}},
  {\em Phys. Lett.} {\bf B282} (1992) 475--482.

\bibitem{Benvenuti:1989fm}
{\bf BCDMS} Collaboration, A.~Benvenuti et~al., {\it {A High Statistics
  Measurement of the Deuteron Structure Functions F2 (X, $Q^2$) and R From Deep
  Inelastic Muon Scattering at High $Q^2$}},  {\em Phys. Lett. B} {\bf 237}
  (1990) 592--598.

\bibitem{Arneodo:1996kd}
{\bf New Muon} Collaboration, M.~Arneodo et~al., {\it {Accurate measurement of
  F2(d) / F2(p) and R**d - R**p}},  {\em Nucl. Phys. B} {\bf 487} (1997) 3--26,
  [\href{http://arxiv.org/abs/hep-ex/9611022}{{\tt hep-ex/9611022}}].

\bibitem{Towell:2001nh}
{\bf NuSea} Collaboration, R.~Towell et~al., {\it {Improved measurement of the
  anti-d / anti-u asymmetry in the nucleon sea}},  {\em Phys. Rev. D} {\bf 64}
  (2001) 052002, [\href{http://arxiv.org/abs/hep-ex/0103030}{{\tt
  hep-ex/0103030}}].

\bibitem{Onengut:2005kv}
{\bf CHORUS} Collaboration, G.~Onengut et~al., {\it {Measurement of nucleon
  structure functions in neutrino scattering}},  {\em Phys. Lett. B} {\bf 632}
  (2006) 65--75.

\bibitem{Goncharov:2001qe}
{\bf NuTeV} Collaboration, M.~Goncharov et~al., {\it {Precise Measurement of
  Dimuon Production Cross-Sections in $\nu_{\mu}$ Fe and $\bar{\nu}_{\mu}$ Fe
  Deep Inelastic Scattering at the Tevatron.}},  {\em Phys. Rev. D} {\bf 64}
  (2001) 112006, [\href{http://arxiv.org/abs/hep-ex/0102049}{{\tt
  hep-ex/0102049}}].

\bibitem{Moreno:1990sf}
G.~Moreno et~al., {\it {Dimuon production in proton - copper collisions at
  $\sqrt{s}$ = 38.8-GeV}},  {\em Phys. Rev. D} {\bf 43} (1991) 2815--2836.

\bibitem{Faura:2020oom}
F.~Faura, S.~Iranipour, E.~R. Nocera, J.~Rojo, and M.~Ubiali, {\it {The
  Strangest Proton?}},  \href{http://arxiv.org/abs/2009.00014}{{\tt
  arXiv:2009.00014}}.

\bibitem{Berger:2016inr}
E.~L. Berger, J.~Gao, C.~S. Li, Z.~L. Liu, and H.~X. Zhu, {\it {Charm-Quark
  Production in Deep-Inelastic Neutrino Scattering at Next-to-Next-to-Leading
  Order in QCD}},  {\em Phys. Rev. Lett.} {\bf 116} (2016), no.~21 212002,
  [\href{http://arxiv.org/abs/1601.05430}{{\tt arXiv:1601.05430}}].

\bibitem{Gao:2017kkx}
J.~Gao, {\it {Massive charged-current coefficient functions in deep-inelastic
  scattering at NNLO and impact on strange-quark distributions}},  {\em JHEP}
  {\bf 02} (2018) 026, [\href{http://arxiv.org/abs/1710.04258}{{\tt
  arXiv:1710.04258}}].

\bibitem{Ball:2010de}
R.~D. Ball, L.~Del~Debbio, S.~Forte, A.~Guffanti, J.~I. Latorre, J.~Rojo, and
  M.~Ubiali, {\it {A first unbiased global NLO determination of parton
  distributions and their uncertainties}},  {\em Nucl. Phys. B} {\bf 838}
  (2010) 136--206, [\href{http://arxiv.org/abs/1002.4407}{{\tt
  arXiv:1002.4407}}].

\bibitem{zahari_kassabov_2019_2571601}
Z.~Kassabov, ``{Reportengine: A framework for declarative data analysis}.''
  https://doi.org/10.5281/zenodo.2571601, Feb., 2019.

\bibitem{AbdulKhalek:2020yuc}
R.~Abdul~Khalek, J.~J. Ethier, J.~Rojo, and G.~van Weelden, {\it {nNNPDF2.0:
  quark flavor separation in nuclei from LHC data}},  {\em JHEP} {\bf 09}
  (2020) 183, [\href{http://arxiv.org/abs/2006.14629}{{\tt arXiv:2006.14629}}].

\bibitem{Buckley:2014ana}
A.~Buckley, J.~Ferrando, S.~Lloyd, K.~Nordstr\"om, B.~Page, M.~R\"ufenacht,
  M.~Sch\"onherr, and G.~Watt, {\it {LHAPDF6: parton density access in the LHC
  precision era}},  {\em Eur. Phys. J. C} {\bf 75} (2015) 132,
  [\href{http://arxiv.org/abs/1412.7420}{{\tt arXiv:1412.7420}}].

\end{thebibliography}\endgroup
