@misc{zahari_kassabov_2019_2571601,
  author       = {Zahari Kassabov},
  title        = {{Reportengine: A framework for declarative data 
                   analysis}},
  month        = feb,
  year         = 2019,
  doi          = {10.5281/zenodo.2571601},
  howpublished          = {https://doi.org/10.5281/zenodo.2571601}
}

@article{Gao:2017kkx,
    author = "Gao, Jun",
    title = "{Massive charged-current coefficient functions in deep-inelastic scattering at NNLO and impact on strange-quark distributions}",
    eprint = "1710.04258",
    archivePrefix = "arXiv",
    primaryClass = "hep-ph",
    doi = "10.1007/JHEP02(2018)026",
    journal = "JHEP",
    volume = "02",
    pages = "026",
    year = "2018"
}

@article{Gao_2018,
   title={The structure of the proton in the LHC precision era},
   volume={742},
   ISSN={0370-1573},
   url={http://dx.doi.org/10.1016/j.physrep.2018.03.002},
   DOI={10.1016/j.physrep.2018.03.002},
   journal={Physics Reports},
   publisher={Elsevier BV},
   author={Gao, Jun and Harland-Lang, Lucian and Rojo, Juan},
   year={2018},
   month={May},
   pages={1â€“121}
}

@article{Berger:2016inr,
    author = "Berger, Edmond L. and Gao, Jun and Li, Chong Sheng and Liu, Ze Long and Zhu, Hua Xing",
    title = "{Charm-Quark Production in Deep-Inelastic Neutrino Scattering at Next-to-Next-to-Leading Order in QCD}",
    eprint = "1601.05430",
    archivePrefix = "arXiv",
    primaryClass = "hep-ph",
    doi = "10.1103/PhysRevLett.116.212002",
    journal = "Phys. Rev. Lett.",
    volume = "116",
    number = "21",
    pages = "212002",
    year = "2016"
}

@article{Moreno:1990sf,
    author = "Moreno, G. and others",
    title = "{Dimuon production in proton - copper collisions at $\sqrt{s}$ = 38.8-GeV}",
    reportNumber = "FERMILAB-PUB-90-223-E",
    doi = "10.1103/PhysRevD.43.2815",
    journal = "Phys. Rev. D",
    volume = "43",
    pages = "2815--2836",
    year = "1991"
}

@article{Goncharov:2001qe,
    author = "Goncharov, M. and others",
    collaboration = "NuTeV",
    title = "{Precise Measurement of Dimuon Production Cross-Sections in $\nu_{\mu}$ Fe and $\bar{\nu}_{\mu}$ Fe Deep Inelastic Scattering at the Tevatron.}",
    eprint = "hep-ex/0102049",
    archivePrefix = "arXiv",
    reportNumber = "FERMILAB-PUB-01-034-E",
    doi = "10.1103/PhysRevD.64.112006",
    journal = "Phys. Rev. D",
    volume = "64",
    pages = "112006",
    year = "2001"
}

@article{Onengut:2005kv,
    author = "Onengut, G. and others",
    collaboration = "CHORUS",
    title = "{Measurement of nucleon structure functions in neutrino scattering}",
    reportNumber = "CERN-PH-EP-2005-048",
    doi = "10.1016/j.physletb.2005.10.062",
    journal = "Phys. Lett. B",
    volume = "632",
    pages = "65--75",
    year = "2006"
}

@article{Buckley:2014ana,
    author = {Buckley, Andy and Ferrando, James and Lloyd, Stephen and Nordstr\"om, Karl and Page, Ben and R\"ufenacht, Martin and Sch\"onherr, Marek and Watt, Graeme},
    title = "{LHAPDF6: parton density access in the LHC precision era}",
    eprint = "1412.7420",
    archivePrefix = "arXiv",
    primaryClass = "hep-ph",
    reportNumber = "GLAS-PPE-2014-05, MCNET-14-29, IPPP-14-111, DCPT-14-222",
    doi = "10.1140/epjc/s10052-015-3318-8",
    journal = "Eur. Phys. J. C",
    volume = "75",
    pages = "132",
    year = "2015"
}

@article{AbdulKhalek:2019bux,
    author = "Abdul Khalek, Rabah and others",
    collaboration = "NNPDF",
    title = "{A first determination of parton distributions with theoretical uncertainties}",
    eprint = "1905.04311",
    archivePrefix = "arXiv",
    primaryClass = "hep-ph",
    reportNumber = "CAVENDISH-HEP-19-07, DAMTP-2019-20, Edinburgh 2019/07, Nikhef
  2019-013, TIF-UNIMI-2019-4",
    doi = "10.1140/epjc/s10052-019-7364-5",
    journal = "Eur. Phys. J.",
    volume = "C",
    pages = "79:838",
    year = "2019"
}

@article{Forte:2020yip,
    author = "Forte, Stefano and Carrazza, Stefano",
    title = "{Parton distribution functions}",
    eprint = "2008.12305",
    archivePrefix = "arXiv",
    primaryClass = "hep-ph",
    reportNumber = "TIF-UNIMI-2020-23",
    month = "8",
    year = "2020"
}

@article{Ethier:2020way,
    author = "Ethier, Jacob J. and Nocera, Emanuele R.",
    title = "{Parton Distributions in Nucleons and Nuclei}",
    eprint = "2001.07722",
    archivePrefix = "arXiv",
    primaryClass = "hep-ph",
    reportNumber = "Nikhef/2020-003",
    doi = "10.1146/annurev-nucl-011720-042725",
    journal = "Ann. Rev. Nucl. Part. Sci.",
    number = "70",
    pages = "1--34",
    year = "2020"
}

@article{Faura:2020oom,
    author = "Faura, Ferran and Iranipour, Shayan and Nocera, Emanuele R. and Rojo, Juan and Ubiali, Maria",
    title = "{The Strangest Proton?}",
    eprint = "2009.00014",
    archivePrefix = "arXiv",
    primaryClass = "hep-ph",
    month = "8",
    year = "2020"
}
@article{Ball:2018iqk,
    author = "Ball, Richard D. and Carrazza, Stefano and Del Debbio, Luigi and Forte, Stefano and Kassabov, Zahari and Rojo, Juan and Slade, Emma and Ubiali, Maria",
    collaboration = "NNPDF",
    title = "{Precision determination of the strong coupling constant within a global PDF analysis}",
    eprint = "1802.03398",
    archivePrefix = "arXiv",
    primaryClass = "hep-ph",
    reportNumber = "CAVENDISH-HEP-18-02, CERN-TH-2018-024, Edinburgh 2017/19, Nikhef/2017-046, OUTP-17-14P, DAMTP-2018-3, TIF-UNIMI-2018-1, EDINBURGH-2017-19, NIKHEF-2017-046",
    doi = "10.1140/epjc/s10052-018-5897-7",
    journal = "Eur. Phys. J. C",
    volume = "78",
    number = "5",
    pages = "408",
    year = "2018"
}

@article{Benvenuti:1989fm,
    author = "Benvenuti, A.C. and others",
    collaboration = "BCDMS",
    title = "{A High Statistics Measurement of the Deuteron Structure Functions F2 (X, $Q^2$) and R From Deep Inelastic Muon Scattering at High $Q^2$}",
    reportNumber = "CERN-EP-89-170, JINR-E1-90-284",
    doi = "10.1016/0370-2693(90)91231-Y",
    journal = "Phys. Lett. B",
    volume = "237",
    pages = "592--598",
    year = "1990"
}

@article{Eskola:2016oht,
    author = "Eskola, Kari J. and Paakkinen, Petja and Paukkunen, Hannu and Salgado, Carlos A.",
    title = "{EPPS16: Nuclear parton distributions with LHC data}",
    eprint = "1612.05741",
    archivePrefix = "arXiv",
    primaryClass = "hep-ph",
    doi = "10.1140/epjc/s10052-017-4725-9",
    journal = "Eur. Phys. J. C",
    volume = "77",
    number = "3",
    pages = "163",
    year = "2017"
}

@article{Kovarik:2015cma,
    author = "Kovarik, K. and others",
    title = "{nCTEQ15 - Global analysis of nuclear parton distributions with uncertainties in the CTEQ framework}",
    eprint = "1509.00792",
    archivePrefix = "arXiv",
    primaryClass = "hep-ph",
    reportNumber = "LPSC-15-153, MS-TP-15-11, FERMILAB-PUB-15-375-ND-PPD-T",
    doi = "10.1103/PhysRevD.93.085037",
    journal = "Phys. Rev. D",
    volume = "93",
    number = "8",
    pages = "085037",
    year = "2016"
}

@article{deFlorian:2011fp,
    author = "de Florian, Daniel and Sassot, Rodolfo and Zurita, Pia and Stratmann, Marco",
    title = "{Global Analysis of Nuclear Parton Distributions}",
    eprint = "1112.6324",
    archivePrefix = "arXiv",
    primaryClass = "hep-ph",
    doi = "10.1103/PhysRevD.85.074028",
    journal = "Phys. Rev. D",
    volume = "85",
    pages = "074028",
    year = "2012"
}

@article{Ball:2014uwa,
    author = "Ball, Richard D. and others",
    collaboration = "NNPDF",
    title = "{Parton distributions for the LHC Run II}",
    eprint = "1410.8849",
    archivePrefix = "arXiv",
    primaryClass = "hep-ph",
    reportNumber = "EDINBURGH-2014-15, IFUM-1034-FT, CERN-PH-TH-2013-253, OUTP-14-11P, CAVENDISH-HEP-14-11",
    doi = "10.1007/JHEP04(2015)040",
    journal = "JHEP",
    volume = "04",
    pages = "040",
    year = "2015"
}

@article{Rojo:2019uip,
    author = "Rojo, Juan",
    title = "{The Partonic Content of Nucleons and Nuclei}",
    eprint = "1910.03408",
    archivePrefix = "arXiv",
    primaryClass = "hep-ph",
    reportNumber = "Nikhef/2019-042",
    month = "10",
    year = "2019"
}

% Review article
@article{Norton:2003cb,
    author = "Norton, P.R.",
    title = "{The EMC effect}",
    doi = "10.1088/0034-4885/66/8/201",
    journal = "Rept. Prog. Phys.",
    volume = "66",
    pages = "1253--1297",
    year = "2003"
}

@article{Butterworth:2015oua,
    author = "Butterworth, Jon and others",
    title = "{PDF4LHC recommendations for LHC Run II}",
    eprint = "1510.03865",
    archivePrefix = "arXiv",
    primaryClass = "hep-ph",
    reportNumber = "OUTP-15-17P, SMU-HEP-15-12, TIF-UNIMI-2015-14, LCTS-2015-27, CERN-PH-TH-2015-249",
    doi = "10.1088/0954-3899/43/2/023001",
    journal = "J. Phys. G",
    volume = "43",
    pages = "023001",
    year = "2016"
}

@article{Rojo:2015acz,
    author = "Rojo, Juan and others",
    title = "{The PDF4LHC report on PDFs and LHC data: Results from Run I and preparation for Run II}",
    eprint = "1507.00556",
    archivePrefix = "arXiv",
    primaryClass = "hep-ph",
    reportNumber = "OUTP-15-11P, LCTS-2015-14, GLAS-PPE-2015-01, DESY-15-088, CERN-PH-TH-2015-150, JLAB-THY-15-2064",
    doi = "10.1088/0954-3899/42/10/103103",
    journal = "J. Phys. G",
    volume = "42",
    pages = "103103",
    year = "2015"
}

@article{Gao:2017yyd,
    author = "Gao, Jun and Harland-Lang, Lucian and Rojo, Juan",
    title = "{The Structure of the Proton in the LHC Precision Era}",
    eprint = "1709.04922",
    archivePrefix = "arXiv",
    primaryClass = "hep-ph",
    doi = "10.1016/j.physrep.2018.03.002",
    journal = "Phys. Rept.",
    volume = "742",
    pages = "1--121",
    year = "2018"
}

@article{Ball:2017nwa,
    author = "Ball, Richard D. and others",
    collaboration = "NNPDF",
    title = "{Parton distributions from high-precision collider data}",
    eprint = "1706.00428",
    archivePrefix = "arXiv",
    primaryClass = "hep-ph",
    reportNumber = "CAVENDISH-HEP-17-06, CERN-TH-2017-077, EDINBURGH-2017-08, NIKHEF-2017-006, OUTP-17-04P, TIF-UNIMI-2017-3",
    doi = "10.1140/epjc/s10052-017-5199-5",
    journal = "Eur. Phys. J. C",
    volume = "77",
    number = "10",
    pages = "663",
    year = "2017"
}

@article{Towell:2001nh,
    author = "Towell, R.S. and others",
    collaboration = "NuSea",
    title = "{Improved measurement of the anti-d / anti-u asymmetry in the nucleon sea}",
    eprint = "hep-ex/0103030",
    archivePrefix = "arXiv",
    reportNumber = "FERMILAB-PUB-01-487-E",
    doi = "10.1103/PhysRevD.64.052002",
    journal = "Phys. Rev. D",
    volume = "64",
    pages = "052002",
    year = "2001"
}

@article{Owens:2012bv,
    author = "Owens, J.F. and Accardi, A. and Melnitchouk, W.",
    title = "{Global parton distributions with nuclear and finite-$Q^2$ corrections}",
    eprint = "1212.1702",
    archivePrefix = "arXiv",
    primaryClass = "hep-ph",
    reportNumber = "JLAB-THY-13-5",
    doi = "10.1103/PhysRevD.87.094012",
    journal = "Phys. Rev. D",
    volume = "87",
    number = "9",
    pages = "094012",
    year = "2013"
}

@article{Accardi:2016qay,
    author = "Accardi, A. and Brady, L.T. and Melnitchouk, W. and Owens, J.F. and Sato, N.",
    title = "{Constraints on large-$x$ parton distributions from new weak boson production and deep-inelastic scattering data}",
    eprint = "1602.03154",
    archivePrefix = "arXiv",
    primaryClass = "hep-ph",
    reportNumber = "JLAB-THY-16-2215",
    doi = "10.1103/PhysRevD.93.114017",
    journal = "Phys. Rev. D",
    volume = "93",
    number = "11",
    pages = "114017",
    year = "2016"
}

@article{Wiringa:1994wb,
    author = "Wiringa, Robert B. and Stoks, V.G.J. and Schiavilla, R.",
    title = "{An Accurate nucleon-nucleon potential with charge independence breaking}",
    eprint = "nucl-th/9408016",
    archivePrefix = "arXiv",
    reportNumber = "PHY-7742-TH-94, CEBAF-TH-94-19",
    doi = "10.1103/PhysRevC.51.38",
    journal = "Phys. Rev. C",
    volume = "51",
    pages = "38--51",
    year = "1995"
}

@article{Machleidt:2000ge,
    author = "Machleidt, R.",
    title = "{The High precision, charge dependent Bonn nucleon-nucleon potential (CD-Bonn)}",
    eprint = "nucl-th/0006014",
    archivePrefix = "arXiv",
    doi = "10.1103/PhysRevC.63.024001",
    journal = "Phys. Rev. C",
    volume = "63",
    pages = "024001",
    year = "2001"
}@article{Gross:2014wqa,
    author = "Gross, Franz",
    title = "{Covariant spectator theory of np scattering: Deuteron magnetic moment}",
    eprint = "1404.1584",
    archivePrefix = "arXiv",
    primaryClass = "nucl-th",
    reportNumber = "JLAB-THY-14-1864",
    doi = "10.1103/PhysRevC.89.064002",
    journal = "Phys. Rev. C",
    volume = "89",
    number = "6",
    pages = "064002",
    year = "2014",
    note = "[Erratum: Phys.Rev.C 101, 029901 (2020)]"
}

@article{Kulagin:2004ie,
    author = "Kulagin, Sergey A. and Petti, R.",
    title = "{Global study of nuclear structure functions}",
    eprint = "hep-ph/0412425",
    archivePrefix = "arXiv",
    doi = "10.1016/j.nuclphysa.2005.10.011",
    journal = "Nucl. Phys. A",
    volume = "765",
    pages = "126--187",
    year = "2006"
}

@article{Melnitchouk:1994rv,
    author = "Melnitchouk, W. and Schreiber, Andreas W. and Thomas, Anthony William",
    title = "{Relativistic deuteron structure function}",
    eprint = "nucl-th/9407007",
    archivePrefix = "arXiv",
    reportNumber = "TPR-94-03, PSI-PR-94-15, ADP-93-227-T143",
    doi = "10.1016/0370-2693(94)91550-4",
    journal = "Phys. Lett. B",
    volume = "335",
    pages = "11--16",
    year = "1994"
}

@article{Melnitchouk:1996vp,
    author = "Melnitchouk, W. and Sargsian, M. and Strikman, M.I.",
    title = "{Probing the origin of the EMC effect via tagged structure functions of the deuteron}",
    eprint = "nucl-th/9609048",
    archivePrefix = "arXiv",
    reportNumber = "UMD-PP-97-15, DOE-ER-40762-094, TAUP-2360-96, PSU-TH-173",
    doi = "10.1007/s002180050372",
    journal = "Z. Phys. A",
    volume = "359",
    pages = "99--109",
    year = "1997"
}

@article{Szumila-Vance:2020zpt,
    author = "Szumila-Vance, H. and Keppel, C. and Escalante, S. and Kalantarians, N.",
    title = "{A new study of the EMC Effect using the $F_2^{n}$ neutron structure function}",
    eprint = "2002.02597",
    archivePrefix = "arXiv",
    primaryClass = "nucl-ex",
    month = "2",
    year = "2020"
}

@article{Ball:2009mk,
    author = "Ball, Richard D. and Del Debbio, Luigi and Forte, Stefano and Guffanti, Alberto and Latorre, Jose I. and Piccione, Andrea and Rojo, Juan and Ubiali, Maria",
    collaboration = "NNPDF",
    title = "{Precision determination of electroweak parameters and the strange content of the proton from neutrino deep-inelastic scattering}",
    eprint = "0906.1958",
    archivePrefix = "arXiv",
    primaryClass = "hep-ph",
    reportNumber = "EDINBURGH-2009-06, IFUM-941-FT, FREIBURG-PHENO-09-03",
    doi = "10.1016/j.nuclphysb.2009.08.003",
    journal = "Nucl. Phys. B",
    volume = "823",
    pages = "195--233",
    year = "2009"
}

@article{Ball:2013gsa,
    author = "Ball, Richard D. and Bertone, Valerio and Del Debbio, Luigi and Forte, Stefano and Guffanti, Alberto and Rojo, Juan and Ubiali, Maria",
    collaboration = "NNPDF",
    title = "{Theoretical issues in PDF determination and associated uncertainties}",
    eprint = "1303.1189",
    archivePrefix = "arXiv",
    primaryClass = "hep-ph",
    reportNumber = "CERN-PH-TH-2013-035, EDINBURGH-2013-02, FR-PHENO-2013-003, IFUM-1008-FT, TTK-13-06",
    doi = "10.1016/j.physletb.2013.05.019",
    journal = "Phys. Lett. B",
    volume = "723",
    pages = "330--339",
    year = "2013"
}

@inbook{Ball:2018lag,
    author = "Ball, Richard D. and Deshpande, Abhay",
    editor = "Levy, Aharon and Forte, Stefano and Ridolfi, Giovanni",
    title = "{The proton spin, semi-inclusive processes, and measurements at a future Electron Ion Collider}",
    booktitle = "{From My Vast Repertoire ...}: {Guido Altarelli's Legacy}",
    eprint = "1801.04842",
    archivePrefix = "arXiv",
    primaryClass = "hep-ph",
    reportNumber = "Edinburgh 2018/3, BNL-200028-2018-JAAM, EDINBURGH-2018-3",
    doi = "10.1142/9789813238053\_0011",
    pages = "205--226",
    year = "2019"
}

@article{Ball:2018twp,
    author = "Ball, Richard D. and Nocera, Emanuele R. and Pearson, Rosalyn L.",
    collaboration = "NNPDF",
    title = "{Nuclear Uncertainties in the Determination of Proton PDFs}",
    eprint = "1812.09074",
    archivePrefix = "arXiv",
    primaryClass = "hep-ph",
    reportNumber = "Edinburgh 2018/4; Nikhef 2018-062, Edinburgh 2018/4, Nikhef 2018-062",
    doi = "10.1140/epjc/s10052-019-6793-5",
    journal = "Eur. Phys. J. C",
    volume = "79",
    number = "3",
    pages = "282",
    year = "2019"
}

@article{Pearson:2018tim,
    author = "Pearson, R.L. and Voisey, C.",
    editor = "Narison, StÃ©phan",
    title = "{Towards parton distribution functions with theoretical uncertainties}",
    eprint = "1810.01996",
    archivePrefix = "arXiv",
    primaryClass = "hep-ph",
    doi = "10.1016/j.nuclphysbps.2018.12.006",
    journal = "Nucl. Part. Phys. Proc.",
    volume = "300-302",
    pages = "24--29",
    year = "2018"
}


@article{AbdulKhalek:2019ihb,
    author = "Abdul Khalek, Rabah and others",
    collaboration = "NNPDF",
    title = "{Parton Distributions with Theory Uncertainties: General Formalism and First Phenomenological Studies}",
    eprint = "1906.10698",
    archivePrefix = "arXiv",
    primaryClass = "hep-ph",
    reportNumber = "Edinburgh 2019/9, Nikhef/2019-014, TIF-UNIMI-2019-9 DAMTP-2019-24,
  CAVENDISH-HEP-19-11",
    doi = "10.1140/epjc/s10052-019-7401-4",
    journal = "Eur. Phys. J. C",
    volume = "79",
    number = "11",
    pages = "931",
    year = "2019"
}

@article{Alekhin:2017fpf,
    author = "Alekhin, S.I. and Kulagin, S.A. and Petti, R.",
    title = "{Nuclear Effects in the Deuteron and Constraints on the d/u Ratio}",
    eprint = "1704.00204",
    archivePrefix = "arXiv",
    primaryClass = "nucl-th",
    doi = "10.1103/PhysRevD.96.054005",
    journal = "Phys. Rev. D",
    volume = "96",
    number = "5",
    pages = "054005",
    year = "2017"
}

@article{Harland-Lang:2014zoa,
    author = "Harland-Lang, L.A. and Martin, A.D. and Motylinski, P. and Thorne, R.S.",
    title = "{Parton distributions in the LHC era: MMHT 2014 PDFs}",
    eprint = "1412.3989",
    archivePrefix = "arXiv",
    primaryClass = "hep-ph",
    reportNumber = "LCTS-2014-47, IPPP-14-97, DCPT-14-194",
    doi = "10.1140/epjc/s10052-015-3397-6",
    journal = "Eur. Phys. J. C",
    volume = "75",
    number = "5",
    pages = "204",
    year = "2015"
}

@article{Ball:2008by,
    author = "Ball, Richard D. and Del Debbio, Luigi and Forte, Stefano and Guffanti, Alberto and Latorre, Jose I. and Piccione, Andrea and Rojo, Juan and Ubiali, Maria",
    collaboration = "NNPDF",
    title = "{A Determination of parton distributions with faithful uncertainty estimation}",
    eprint = "0808.1231",
    archivePrefix = "arXiv",
    primaryClass = "hep-ph",
    reportNumber = "EDINBURGH-2008-25, IFUM-923-FT, FREIBURG-2008-08",
    doi = "10.1016/j.nuclphysb.2008.09.037",
    journal = "Nucl. Phys. B",
    volume = "809",
    pages = "1--63",
    year = "2009",
    note = "[Erratum: Nucl.Phys.B 816, 293 (2009)]"
}

@article{Arneodo:1996kd,
    author = "Arneodo, M. and others",
    collaboration = "New Muon",
    title = "{Accurate measurement of F2(d) / F2(p) and R**d - R**p}",
    eprint = "hep-ex/9611022",
    archivePrefix = "arXiv",
    doi = "10.1016/S0550-3213(96)00673-6",
    journal = "Nucl. Phys. B",
    volume = "487",
    pages = "3--26",
    year = "1997"
}
@article{Arneodo:1996qe,
    author = "Arneodo, M. and others",
    collaboration = "New Muon",
    title = "{Measurement of the proton and deuteron structure functions, F2(p) and F2(d), and of the ratio sigma-L / sigma-T}",
    eprint = "hep-ph/9610231",
    archivePrefix = "arXiv",
    doi = "10.1016/S0550-3213(96)00538-X",
    journal = "Nucl. Phys. B",
    volume = "483",
    pages = "3--43",
    year = "1997"
}

@Article{bcdms1,
     author    = "Benvenuti, A. C. and others",
 collaboration = "BCDMS",
     title     = "A HIGH STATISTICS MEASUREMENT OF THE PROTON STRUCTURE
                  FUNCTIONS $F_2 (x, q^2)$ AND $R$ FROM DEEP INELASTIC MUON
                  SCATTERING AT HIGH $q^2$",
     journal   = "Phys. Lett.",
     volume    = "B223",
     year      = "1989",
     pages     = "485",
     SLACcitation  = "%%CITATION = PHLTA,B223,485;%%"
}

@Article{bcdms2,
     author    = "Benvenuti, A. C. and others",
 collaboration = "BCDMS",
     title     = "A HIGH STATISTICS MEASUREMENT OF THE DEUTERON STRUCTURE
                  FUNCTIONS $F_2 (x, q^2)$ AND $R$ FROM DEEP INELASTIC MUON
                  SCATTERING AT HIGH $q^2$",
     journal   = "Phys. Lett.",
     volume    = "B237",
     year      = "1990",
     pages     = "592",
     SLACcitation  = "%%CITATION = PHLTA,B237,592;%%"
}

@Article{Whitlow:1991uw,
     author    = "Whitlow, L. W. and Riordan, E. M. and Dasu, S. and Rock,
                  Stephen and Bodek, A.",
     title     = "{Precise measurements of the proton and deuteron structure
                  functions from a global analysis of the SLAC deep inelastic
                  electron scattering cross-sections}",
     journal   = "Phys. Lett.",
     volume    = "B282",
     year      = "1992",
     pages     = "475-482",
     doi       = "10.1016/0370-2693(92)90672-Q",
     SLACcitation  = "%%CITATION = PHLTA,B282,475;%%"
}

@article{Ball:2010de,
    author = "Ball, Richard D. and Del Debbio, Luigi and Forte, Stefano and Guffanti, Alberto and Latorre, Jose I. and Rojo, Juan and Ubiali, Maria",
    title = "{A first unbiased global NLO determination of parton distributions and their uncertainties}",
    eprint = "1002.4407",
    archivePrefix = "arXiv",
    primaryClass = "hep-ph",
    reportNumber = "EDINBURGH-2010-05, IFUM-952-FT, FR-PHENO-2010-014, CP3-10-08",
    doi = "10.1016/j.nuclphysb.2010.05.008",
    journal = "Nucl. Phys. B",
    volume = "838",
    pages = "136--206",
    year = "2010"
}

@article{Ball:2009qv,
    author = "Ball, Richard D. and Del Debbio, Luigi and Forte, Stefano and Guffanti, Alberto and Latorre, Jose I. and Rojo, Juan and Ubiali, Maria",
    collaboration = "NNPDF",
    title = "{Fitting Parton Distribution Data with Multiplicative Normalization Uncertainties}",
    eprint = "0912.2276",
    archivePrefix = "arXiv",
    primaryClass = "hep-ph",
    reportNumber = "EDINBURGH-2009-22, IFUM-950-FT, FREIBURG-PHENO-09-09, CP3-09-51",
    doi = "10.1007/JHEP05(2010)075",
    journal = "JHEP",
    volume = "05",
    pages = "075",
    year = "2010"
}

@article{AbdulKhalek:2020yuc,
    author = "Abdul Khalek, Rabah and Ethier, Jacob J. and Rojo, Juan and van Weelden, Gijs",
    title = "{nNNPDF2.0: quark flavor separation in nuclei from LHC data}",
    eprint = "2006.14629",
    archivePrefix = "arXiv",
    primaryClass = "hep-ph",
    reportNumber = "Nikhef/2020-006",
    doi = "10.1007/JHEP09(2020)183",
    journal = "JHEP",
    volume = "09",
    pages = "183",
    year = "2020"
}

@article{AbdulKhalek:2019mzd,
    author = "Abdul Khalek, Rabah and Ethier, Jacob J. and Rojo, Juan",
    collaboration = "NNPDF",
    title = "{Nuclear parton distributions from lepton-nucleus scattering and the impact of an electron-ion collider}",
    eprint = "1904.00018",
    archivePrefix = "arXiv",
    primaryClass = "hep-ph",
    reportNumber = "Nikhef-2019-005",
    doi = "10.1140/epjc/s10052-019-6983-1",
    journal = "Eur. Phys. J. C",
    volume = "79",
    number = "6",
    pages = "471",
    year = "2019"
}

@article{Walt:2019slu,
    author = "Walt, Marina and Helenius, Ilkka and Vogelsang, Werner",
    title = "{Open-source QCD analysis of nuclear parton distribution functions at NLO and NNLO}",
    eprint = "1908.03355",
    archivePrefix = "arXiv",
    primaryClass = "hep-ph",
    doi = "10.1103/PhysRevD.100.096015",
    journal = "Phys. Rev. D",
    volume = "100",
    number = "9",
    pages = "096015",
    year = "2019"
}

@article{Ball:2012cx,
    author = "Ball, Richard D. and others",
    title = "{Parton distributions with LHC data}",
    eprint = "1207.1303",
    archivePrefix = "arXiv",
    primaryClass = "hep-ph",
    reportNumber = "EDINBURGH-2012-08, IFUM-FT-997, FR-PHENO-2012-014, RWTH-TTK-12-25, CERN-PH-TH-2012-037, SFB-CPP-12-47",
    doi = "10.1016/j.nuclphysb.2012.10.003",
    journal = "Nucl. Phys. B",
    volume = "867",
    pages = "244--289",
    year = "2013"
}

@article{Martin:2012da,
    author = "Martin, A.D. and Mathijssen, A.J.Th.M. and Stirling, W.J. and Thorne, R.S. and Watt, B.J.A. and Watt, G.",
    title = "{Extended Parameterisations for MSTW PDFs and their effect on Lepton Charge Asymmetry from W Decays}",
    eprint = "1211.1215",
    archivePrefix = "arXiv",
    primaryClass = "hep-ph",
    reportNumber = "LCTS-2012-27, CAVENDISH-HEP-2012-16, IPPP-12-78, ZU-TH-24-12",
    doi = "10.1140/epjc/s10052-013-2318-9",
    journal = "Eur. Phys. J. C",
    volume = "73",
    number = "2",
    pages = "2318",
    year = "2013"
}

@article{Forte:2002fg,
    author = "Forte, Stefano and Garrido, Lluis and Latorre, Jose I. and Piccione, Andrea",
    title = "{Neural network parametrization of deep inelastic structure functions}",
    eprint = "hep-ph/0204232",
    archivePrefix = "arXiv",
    reportNumber = "GEF-TH-3-02, RM3-TH-02-01",
    doi = "10.1088/1126-6708/2002/05/062",
    journal = "JHEP",
    volume = "05",
    pages = "062",
    year = "2002"
}