@article{EMC,
title = {Production of charmed particles in 250 GeV $\mu$+-iron interactions},
journal = {Nuclear Physics B},
volume = {213},
number = {1},
pages = {31-64},
year = {1983},
issn = {0550-3213},
doi = {https://doi.org/10.1016/0550-3213(83)90174-8},
url = {https://www.sciencedirect.com/science/article/pii/0550321383901748},
author = {J.J. Aubert et al.}
}


@misc{zahari_kassabov_2019_2571601,
  author       = {Zahari Kassabov},
  title        = {{Reportengine: A framework for declarative data
                   analysis}},
  month        = feb,
  year         = 2019,
  doi          = {10.5281/zenodo.2571601},
  url          = {https://doi.org/10.5281/zenodo.2571601}
} 

@article{Carrazza:2015hva,
      author         = "Carrazza, Stefano and Latorre, José I. and Rojo, Juan
                        and Watt, Graeme",
      title          = "{A compression algorithm for the combination of PDF
                        sets}",
      journal        = "Eur. Phys. J.",
      volume         = "C75",
      year           = "2015",
      pages          = "474",
      doi            = "10.1140/epjc/s10052-015-3703-3",
      eprint         = "1504.06469",
      archivePrefix  = "arXiv",
      primaryClass   = "hep-ph",
      reportNumber   = "TIF-UNIMI-2015-2, OUTP-15-01P, IPPP-15-22, DCPT-15-44",
      SLACcitation   = "%%CITATION = ARXIV:1504.06469;%%"
}

@article{Cooper-Sarkar:2018ufj,
    author = "Cooper-Sarkar, A. M. and Wichmann, K.",
    title = "{QCD analysis of the ATLAS and CMS $W^{\pm}$ and $Z$ cross-section measurements and implications for the strange sea density}",
    eprint = "1803.00968",
    archivePrefix = "arXiv",
    primaryClass = "hep-ex",
    reportNumber = "DESY 18-021, DESY-18-021",
    doi = "10.1103/PhysRevD.98.014027",
    journal = "Phys. Rev. D",
    volume = "98",
    number = "1",
    pages = "014027",
    year = "2018"
}


@article{Paukkunen:2017bbm,
      author         = "Paukkunen, Hannu",
      title          = "{Status of nuclear PDFs after the first LHC p–Pb run}",
      booktitle      = "{Proceedings, 26th International Conference on
                        Ultra-relativistic Nucleus-Nucleus Collisions (Quark
                        Matter 2017): Chicago, Illinois, USA, February 5-11,
                        2017}",
      journal        = "Nucl. Phys.",
      volume         = "A967",
      year           = "2017",
      pages          = "241-248",
      doi            = "10.1016/j.nuclphysa.2017.05.014",
      eprint         = "1704.04036",
      archivePrefix  = "arXiv",
      primaryClass   = "hep-ph",
      SLACcitation   = "%%CITATION = ARXIV:1704.04036;%%"
}

@inproceedings{Paukkunen:2018kmm,
      author         = "Paukkunen, Hannu",
      title          = "{Nuclear PDFs Today}",
      booktitle      = "{9th International Conference on Hard and Electromagnetic
                        Probes of High-Energy Nuclear Collisions: Hard Probes 2018
                        (HP2018) Aix-Les-Bains, Savoie, France, October 1-5,
                        2018}",
      year           = "2018",
      eprint         = "1811.01976",
      archivePrefix  = "arXiv",
      primaryClass   = "hep-ph",
      SLACcitation   = "%%CITATION = ARXIV:1811.01976;%%"
}

@article{Owens:2007kp,
      author         = "Owens, J. F. and Huston, J. and Keppel, C. E. and
                        Kuhlmann, S. and Morfin, J. G. and Olness, F. and Pumplin,
                        J. and Stump, D.",
      title          = "{The Impact of new neutrino DIS and Drell-Yan data on
                        large-x parton distributions}",
      journal        = "Phys. Rev.",
      volume         = "D75",
      year           = "2007",
      pages          = "054030",
      doi            = "10.1103/PhysRevD.75.054030",
      eprint         = "hep-ph/0702159",
      archivePrefix  = "arXiv",
      primaryClass   = "HEP-PH",
      reportNumber   = "FERMILAB-PUB-07-508-E, FSUHEP-070215, JLAB-PHY-07-695",
      SLACcitation   = "%%CITATION = HEP-PH/0702159;%%"
}

@article{Owens:2012bv,
      author         = "Owens, J. F. and Accardi, A. and Melnitchouk, W.",
      title          = "{Global parton distributions with nuclear and
                        finite-$Q^2$ corrections}",
      journal        = "Phys. Rev.",
      volume         = "D87",
      year           = "2013",
      number         = "9",
      pages          = "094012",
      doi            = "10.1103/PhysRevD.87.094012",
      eprint         = "1212.1702",
      archivePrefix  = "arXiv",
      primaryClass   = "hep-ph",
      reportNumber   = "JLAB-THY-13-5",
      SLACcitation   = "%%CITATION = ARXIV:1212.1702;%%"
}

@article{Ball:2013gsa,
      author         = "Ball, Richard D. and Bertone, Valerio and Del Debbio,
                        Luigi and Forte, Stefano and Guffanti, Alberto and Rojo,
                        Juan and Ubiali, Maria",
      title          = "{Theoretical issues in PDF determination and associated
                        uncertainties}",
      collaboration  = "NNPDF",
      journal        = "Phys. Lett.",
      volume         = "B723",
      year           = "2013",
      pages          = "330-339",
      doi            = "10.1016/j.physletb.2013.05.019",
      eprint         = "1303.1189",
      archivePrefix  = "arXiv",
      primaryClass   = "hep-ph",
      reportNumber   = "CERN-PH-TH-2013-035, EDINBURGH-2013-02,
                        FR-PHENO-2013-003, IFUM-1008-FT, TTK-13-06",
      SLACcitation   = "%%CITATION = ARXIV:1303.1189;%%"
}

@article{Wiringa:1994wb,
    author = "Wiringa, Robert B. and Stoks, V.G.J. and Schiavilla, R.",
    title = "{An Accurate nucleon-nucleon potential with charge independence breaking}",
    eprint = "nucl-th/9408016",
    archivePrefix = "arXiv",
    reportNumber = "PHY-7742-TH-94, CEBAF-TH-94-19",
    doi = "10.1103/PhysRevC.51.38",
    journal = "Phys. Rev. C",
    volume = "51",
    pages = "38--51",
    year = "1995"
}
@article{Melnitchouk:1994rv,
    author = "Melnitchouk, W. and Schreiber, Andreas W. and Thomas, Anthony William",
    title = "{Relativistic deuteron structure function}",
    eprint = "nucl-th/9407007",
    archivePrefix = "arXiv",
    reportNumber = "TPR-94-03, PSI-PR-94-15, ADP-93-227-T143",
    doi = "10.1016/0370-2693(94)91550-4",
    journal = "Phys. Lett. B",
    volume = "335",
    pages = "11--16",
    year = "1994"
}

@article{Melnitchouk:1996vp,
    author = "Melnitchouk, W. and Sargsian, M. and Strikman, M.I.",
    title = "{Probing the origin of the EMC effect via tagged structure functions of the deuteron}",
    eprint = "nucl-th/9609048",
    archivePrefix = "arXiv",
    reportNumber = "UMD-PP-97-15, DOE-ER-40762-094, TAUP-2360-96, PSU-TH-173",
    doi = "10.1007/s002180050372",
    journal = "Z. Phys. A",
    volume = "359",
    pages = "99--109",
    year = "1997"
}
@article{Machleidt:2000ge,
    author = "Machleidt, R.",
    title = "{The High precision, charge dependent Bonn nucleon-nucleon potential (CD-Bonn)}",
    eprint = "nucl-th/0006014",
    archivePrefix = "arXiv",
    doi = "10.1103/PhysRevC.63.024001",
    journal = "Phys. Rev. C",
    volume = "63",
    pages = "024001",
    year = "2001"
}@article{Gross:2014wqa,
    author = "Gross, Franz",
    title = "{Covariant spectator theory of np scattering: Deuteron magnetic moment}",
    eprint = "1404.1584",
    archivePrefix = "arXiv",
    primaryClass = "nucl-th",
    reportNumber = "JLAB-THY-14-1864",
    doi = "10.1103/PhysRevC.89.064002",
    journal = "Phys. Rev. C",
    volume = "89",
    number = "6",
    pages = "064002",
    year = "2014",
    note = "[Erratum: Phys.Rev.C 101, 029901 (2020)]"
}

@article{Alekhin:2017kpj,
      author         = "Alekhin, S. and Blümlein, J. and Moch, S. and Placakyte,
                        R.",
      title          = "{Parton distribution functions, $\alpha_s$, and
                        heavy-quark masses for LHC Run II}",
      journal        = "Phys. Rev.",
      volume         = "D96",
      year           = "2017",
      number         = "1",
      pages          = "014011",
      doi            = "10.1103/PhysRevD.96.014011",
      eprint         = "1701.05838",
      archivePrefix  = "arXiv",
      primaryClass   = "hep-ph",
      reportNumber   = "DESY-16-179, DO-TH-16-13",
      SLACcitation   = "%%CITATION = ARXIV:1701.05838;%%"
}


@article{Accardi:2016qay,
      author         = "Accardi, A. and Brady, L. T. and Melnitchouk, W. and
                        Owens, J. F. and Sato, N.",
      title          = "{Constraints on large-$x$ parton distributions from new
                        weak boson production and deep-inelastic scattering data}",
      journal        = "Phys. Rev.",
      volume         = "D93",
      year           = "2016",
      number         = "11",
      pages          = "114017",
      doi            = "10.1103/PhysRevD.93.114017",
      eprint         = "1602.03154",
      archivePrefix  = "arXiv",
      primaryClass   = "hep-ph",
      reportNumber   = "JLAB-THY-16-2215",
      SLACcitation   = "%%CITATION = ARXIV:1602.03154;%%"
}

@article{Dulat:2015mca,
      author         = "Dulat, Sayipjamal and Hou, Tie-Jiun and Gao, Jun and
                        Guzzi, Marco and Huston, Joey and Nadolsky, Pavel and
                        Pumplin, Jon and Schmidt, Carl and Stump, Daniel and Yuan,
                        C. P.",
      title          = "{New parton distribution functions from a global analysis
                        of quantum chromodynamics}",
      journal        = "Phys. Rev.",
      volume         = "D93",
      year           = "2016",
      number         = "3",
      pages          = "033006",
      doi            = "10.1103/PhysRevD.93.033006",
      eprint         = "1506.07443",
      archivePrefix  = "arXiv",
      primaryClass   = "hep-ph",
      SLACcitation   = "%%CITATION = ARXIV:1506.07443;%%"
}

@article{Owens:2012bv,
    author = "Owens, J.F. and Accardi, A. and Melnitchouk, W.",
    title = "{Global parton distributions with nuclear and finite-$Q^2$ corrections}",
    eprint = "1212.1702",
    archivePrefix = "arXiv",
    primaryClass = "hep-ph",
    reportNumber = "JLAB-THY-13-5",
    doi = "10.1103/PhysRevD.87.094012",
    journal = "Phys. Rev. D",
    volume = "87",
    number = "9",
    pages = "094012",
    year = "2013"
}

@article{Harland-Lang:2014zoa,
      author         = "Harland-Lang, L. A. and Martin, A. D. and Motylinski, P.
                        and Thorne, R. S.",
      title          = "{Parton distributions in the LHC era: MMHT 2014 PDFs}",
      journal        = "Eur. Phys. J.",
      volume         = "C75",
      year           = "2015",
      number         = "5",
      pages          = "204",
      doi            = "10.1140/epjc/s10052-015-3397-6",
      eprint         = "1412.3989",
      archivePrefix  = "arXiv",
      primaryClass   = "hep-ph",
      reportNumber   = "LCTS-2014-47, IPPP-14-97, DCPT-14-194",
      SLACcitation   = "%%CITATION = ARXIV:1412.3989;%%"
}


@article{Butterworth:2015oua,
      author         = "Butterworth, Jon and others",
      title          = "{PDF4LHC recommendations for LHC Run II}",
      journal        = "J. Phys.",
      volume         = "G43",
      year           = "2016",
      pages          = "023001",
      doi            = "10.1088/0954-3899/43/2/023001",
      eprint         = "1510.03865",
      archivePrefix  = "arXiv",
      primaryClass   = "hep-ph",
      reportNumber   = "OUTP-15-17P, SMU-HEP-15-12, TIF-UNIMI-2015-14,
                        LCTS-2015-27, CERN-PH-TH-2015-249",
      SLACcitation   = "%%CITATION = ARXIV:1510.03865;%%"
}

@article{Accardi:2016ndt,
      author         = "Accardi, A. and others",
      title          = "{A Critical Appraisal and Evaluation of Modern PDFs}",
      journal        = "Eur. Phys. J.",
      volume         = "C76",
      year           = "2016",
      number         = "8",
      pages          = "471",
      doi            = "10.1140/epjc/s10052-016-4285-4",
      eprint         = "1603.08906",
      archivePrefix  = "arXiv",
      primaryClass   = "hep-ph",
      reportNumber   = "DESY-16-041, DO-TH-16-05, JLAB-THY-16-2231, LTH-1081",
      SLACcitation   = "%%CITATION = ARXIV:1603.08906;%%"
}




@article{Adams:1995is,
      author         = "Adams, M. R. and others",
      title          = "{Shadowing in inelastic scattering of muons on carbon,
                        calcium and lead at low x(Bj)}",
      collaboration  = "E665",
      journal        = "Z. Phys.",
      volume         = "C67",
      year           = "1995",
      pages          = "403-410",
      doi            = "10.1007/BF01624583",
      eprint         = "hep-ex/9505006",
      archivePrefix  = "arXiv",
      primaryClass   = "hep-ex",
      reportNumber   = "FERMILAB-PUB-95-419-E",
      SLACcitation   = "%%CITATION = HEP-EX/9505006;%%"
}

@article{Adler:2006wg,
      author         = "Adler, S. S. and others",
      title          = "{Centrality dependence of pi0 and eta production at large
                        transverse momentum in s(NN)**(1/2) = 200-GeV d+Au
                        collisions}",
      collaboration  = "PHENIX",
      journal        = "Phys. Rev. Lett.",
      volume         = "98",
      year           = "2007",
      pages          = "172302",
      doi            = "10.1103/PhysRevLett.98.172302",
      eprint         = "nucl-ex/0610036",
      archivePrefix  = "arXiv",
      primaryClass   = "nucl-ex",
      SLACcitation   = "%%CITATION = NUCL-EX/0610036;%%"
}

@article{Alde:1990im,
      author         = "Alde, D. M. and others",
      title          = "{Nuclear dependence of dimuon production at 800-GeV.
                        FNAL-772 experiment}",
      journal        = "Phys. Rev. Lett.",
      volume         = "64",
      year           = "1990",
      pages          = "2479-2482",
      doi            = "10.1103/PhysRevLett.64.2479",
      SLACcitation   = "%%CITATION = PRLTA,64,2479;%%"
}

@article{Arneodo:1996qe,
      author         = "Arneodo, M. and others",
      title          = "{Measurement of the proton and deuteron structure
                        functions, F2(p) and F2(d), and of the ratio sigma-L /
                        sigma-T}",
      collaboration  = "New Muon",
      journal        = "Nucl. Phys.",
      volume         = "B483",
      year           = "1997",
      pages          = "3-43",
      doi            = "10.1016/S0550-3213(96)00538-X",
      eprint         = "hep-ph/9610231",
      archivePrefix  = "arXiv",
      primaryClass   = "hep-ph",
      SLACcitation   = "%%CITATION = HEP-PH/9610231;%%"
}

@article{Arneodo:1995cs,
      author         = "Arneodo, M. and others",
      title          = "{The Structure Function ratios F2(li) / F2(D) and F2(C) /
                        F2(D) at small x}",
      collaboration  = "New Muon",
      journal        = "Nucl. Phys.",
      volume         = "B441",
      year           = "1995",
      pages          = "12-30",
      doi            = "10.1016/0550-3213(95)00023-2",
      eprint         = "hep-ex/9504002",
      archivePrefix  = "arXiv",
      primaryClass   = "hep-ex",
      reportNumber   = "CERN-PPE-95-32, CERN-PPE-95-032",
      SLACcitation   = "%%CITATION = HEP-EX/9504002;%%"
}

@article{Arneodo:1996ru,
      author         = "Arneodo, M. and others",
      title          = "{The Q**2 dependence of the structure function ratio F2
                        Sn / F2 C and the difference R Sn - R C in deep inelastic
                        muon scattering}",
      collaboration  = "New Muon",
      journal        = "Nucl. Phys.",
      volume         = "B481",
      year           = "1996",
      pages          = "23-39",
      doi            = "10.1016/S0550-3213(96)90119-4",
      reportNumber   = "PRINT-97-206",
      SLACcitation   = "%%CITATION = NUPHA,B481,23;%%"
}


@article{Arneodo:1996rv,
      author         = "Arneodo, M. and others",
      title          = "{The A dependence of the nuclear structure function
                        ratios}",
      collaboration  = "New Muon",
      journal        = "Nucl. Phys.",
      volume         = "B481",
      year           = "1996",
      pages          = "3-22",
      doi            = "10.1016/S0550-3213(96)90117-0",
      reportNumber   = "PRINT-97-207",
      SLACcitation   = "%%CITATION = NUPHA,B481,3;%%"
}

@article{Ashman:1988bf,
      author         = "Ashman, J. and others",
      title          = "{Measurement of the Ratios of Deep Inelastic 
                        Muon-Nucleus Cross-Sections on Various Nuclei Compared 
                        to Deuterium}",
      collaboration  = "European Muon",
      journal        = "Phys. Lett.",
      volume         = "B202",
      year           = "1988",
      pages          = "603-610",
      doi            = "10.1016/0370-2693(88)91872-2",
      reportNumber   = "CERN-EP-88-06",
      SLACcitation   = "%%CITATION = PHLTA,B202,603;%%"
}

@article{Ashman:1992kv,
      author         = "Ashman, J. and others",
      title          = "{A Measurement of the ratio of the nucleon structure
                        function in copper and deuterium}",
      collaboration  = "European Muon",
      journal        = "Z. Phys.",
      volume         = "C57",
      year           = "1993",
      pages          = "211-218",
      doi            = "10.1007/BF01565050",
      reportNumber   = "CERN-PPE-92-155",
      SLACcitation   = "%%CITATION = ZEPYA,C57,211;%%"
}


@article{Airapetian:2002fx,
      author         = "Airapetian, A. and others",
      title          = "{Measurement of R = sigma(L) / sigma(T) in deep inelastic
                        scattering on nuclei}",
      collaboration  = "HERMES",
      year           = "2002",
      eprint         = "hep-ex/0210068",
      archivePrefix  = "arXiv",
      primaryClass   = "hep-ex",
      reportNumber   = "DESY-02-091",
      SLACcitation   = "%%CITATION = HEP-EX/0210068;%%"
}

@article{Gomez:1993ri,
      author         = "Gomez, J. and others",
      title          = "{Measurement of the A-dependence of deep inelastic
                        electron scattering}",
      journal        = "Phys. Rev.",
      volume         = "D49",
      year           = "1994",
      pages          = "4348-4372",
      doi            = "10.1103/PhysRevD.49.4348",
      reportNumber   = "SLAC-PUB-5813",
      SLACcitation   = "%%CITATION = PHRVA,D49,4348;%%"
}


@article{Amaudruz:1995tq,
      author         = "Amaudruz, P. and others",
      title          = "{A Reevaluation of the nuclear structure function ratios
                        for D, He, Li-6, C and Ca}",
      collaboration  = "New Muon",
      journal        = "Nucl. Phys.",
      volume         = "B441",
      year           = "1995",
      pages          = "3-11",
      doi            = "10.1016/0550-3213(94)00023-9",
      eprint         = "hep-ph/9503291",
      archivePrefix  = "arXiv",
      primaryClass   = "hep-ph",
      SLACcitation   = "%%CITATION = HEP-PH/9503291;%%"
}

@article{Ball:2017nwa,
      author         = "Ball, Richard D. and others",
      title          = "{Parton distributions from high-precision 
                        collider data}",
      collaboration  = "NNPDF",
      journal        = "Eur. Phys. J.",
      volume         = "C77",
      year           = "2017",
      number         = "10",
      pages          = "663",
      doi            = "10.1140/epjc/s10052-017-5199-5",
      eprint         = "1706.00428",
      archivePrefix  = "arXiv",
      primaryClass   = "hep-ph",
      reportNumber   = "CAVENDISH-HEP-17-06, CERN-TH-2017-077, 
                        EDINBURGH-2017-08,
                        NIKHEF-2017-006, OUTP-17-04P, TIF-UNIMI-2017-3",
      SLACcitation   = "%%CITATION = ARXIV:1706.00428;%%"
}

@article{Bari:1985ga,
      author         = "Bari, G. and others",
      title          = "{A Measurement of Nuclear Effects in Deep Inelastic Muon
                        Scattering on Deuterium, Nitrogen and Iron Targets}",
      booktitle      = "{San Miniato Topical Sem.1985:265}",
      collaboration  = "BCDMS",
      journal        = "Phys. Lett.",
      volume         = "163B",
      year           = "1985",
      pages          = "282",
      doi            = "10.1016/0370-2693(85)90238-2",
      reportNumber   = "CERN-EP-85-132",
      SLACcitation   = "%%CITATION = PHLTA,163B,282;%%"
}

@article{Benvenuti:1987az,
      author         = "Benvenuti, A. C. and others",
      title          = "{Nuclear Effects in Deep Inelastic Muon Scattering on
                        Deuterium and Iron Targets}",
      collaboration  = "BCDMS",
      journal        = "Phys. Lett.",
      volume         = "B189",
      year           = "1987",
      pages          = "483-487",
      doi            = "10.1016/0370-2693(87)90664-2",
      reportNumber   = "CERN-EP-87-13",
      SLACcitation   = "%%CITATION = PHLTA,B189,483;%%"
}
@article{Berge:1989hr,
      author         = "Berge, J. P. and others",
      title          = "{A Measurement of Differential Cross-Sections and Nucleon
                        Structure Functions in Charged Current Neutrino
                        Interactions on Iron}",
      journal        = "Z. Phys.",
      volume         = "C49",
      year           = "1991",
      pages          = "187-224",
      doi            = "10.1007/BF01555493",
      reportNumber   = "CERN-EP-89-103",
      SLACcitation   = "%%CITATION = ZEPYA,C49,187;%%"
}


@article{Bodek:1983qn,
      author         = "Bodek, A. and others",
      title          = "{Electron Scattering from Nuclear Targets and Quark
                        Distributions in Nuclei}",
      journal        = "Phys. Rev. Lett.",
      volume         = "50",
      year           = "1983",
      pages          = "1431",
      doi            = "10.1103/PhysRevLett.50.1431",
      reportNumber   = "SLAC-PUB-3041, UR-841, COO-3065-348",
      SLACcitation   = "%%CITATION = PRLTA,50,1431;%%"
}

@article{Vasilev:1999fa,
      author         = "Vasilev, M. A. and others",
      title          = "{Parton energy loss limits and shadowing in Drell-Yan
                        dimuon production}",
      collaboration  = "NuSea",
      journal        = "Phys. Rev. Lett.",
      volume         = "83",
      year           = "1999",
      pages          = "2304-2307",
      doi            = "10.1103/PhysRevLett.83.2304",
      eprint         = "hep-ex/9906010",
      archivePrefix  = "arXiv",
      primaryClass   = "hep-ex",
      SLACcitation   = "%%CITATION = HEP-EX/9906010;%%"
}

@article{Abelev:2009hx,
      author         = "Abelev, B. I. and others",
      title          = "{Inclusive $\pi^0$, $\eta$, and direct photon production
                        at high transverse momentum in $p+p$ and $d+$Au collisions
                        at $\sqrt{s_{NN}}=200$ GeV}",
      collaboration  = "STAR",
      journal        = "Phys. Rev.",
      volume         = "C81",
      year           = "2010",
      pages          = "064904",
      doi            = "10.1103/PhysRevC.81.064904",
      eprint         = "0912.3838",
      archivePrefix  = "arXiv",
      primaryClass   = "hep-ex",
      SLACcitation   = "%%CITATION = ARXIV:0912.3838;%%"
}

@article{Tzanov:2005kr,
      author         = "Tzanov, M. and others",
      title          = "{Precise measurement of neutrino and anti-neutrino
                        differential cross sections}",
      collaboration  = "NuTeV",
      journal        = "Phys. Rev.",
      volume         = "D74",
      year           = "2006",
      pages          = "012008",
      doi            = "10.1103/PhysRevD.74.012008",
      eprint         = "hep-ex/0509010",
      archivePrefix  = "arXiv",
      primaryClass   = "hep-ex",
      reportNumber   = "FERMILAB-PUB-05-453-E",
      SLACcitation   = "%%CITATION = HEP-EX/0509010;%%"
}

@article{Heinrich:1989cp,
      author         = "Heinrich, J. G. and others",
      title          = "{Measurement of the Ratio of Sea to Valence Quarks in the
                        Nucleon}",
      journal        = "Phys. Rev. Lett.",
      volume         = "63",
      year           = "1989",
      pages          = "356-359",
      doi            = "10.1103/PhysRevLett.63.356",
      SLACcitation   = "%%CITATION = PRLTA,63,356;%%"
}

@article{Badier:1981ci,
      author         = "Badier, J. and others",
      title          = "{Test of Nuclear Effects in Hadronic Dimuon Production}",
      booktitle      = "{1981 EPS International Conference on High-Energy Physics
                        Lisbon, Portugal, July 9-15, 1981}",
      collaboration  = "NA3",
      journal        = "Phys. Lett.",
      volume         = "104B",
      year           = "1981",
      pages          = "335",
      doi            = "10.1016/0370-2693(81)90137-4",
      note           = "[,807(1981)]",
      reportNumber   = "CERN-EP/81-63",
      SLACcitation   = "%%CITATION = PHLTA,104B,335;%%"
}
@article{Khachatryan:2015hha,
      author         = "Khachatryan, Vardan and others",
      title          = "{Study of W boson production in pPb collisions at
                        $\sqrt{s_{\mathrm{NN}}} =$ 5.02 TeV}",
      collaboration  = "CMS",
      journal        = "Phys. Lett.",
      volume         = "B750",
      year           = "2015",
      pages          = "565-586",
      doi            = "10.1016/j.physletb.2015.09.057",
      eprint         = "1503.05825",
      archivePrefix  = "arXiv",
      primaryClass   = "nucl-ex",
      reportNumber   = "CMS-HIN-13-007, CERN-PH-EP-2015-054",
      SLACcitation   = "%%CITATION = ARXIV:1503.05825;%%"
}

@article{Khachatryan:2015pzs,
      author         = "Khachatryan, Vardan and others",
      title          = "{Study of Z boson production in pPb collisions at $\sqrt
                        {s_{NN}} = 5.02$ TeV}",
      collaboration  = "CMS",
      journal        = "Phys. Lett.",
      volume         = "B759",
      year           = "2016",
      pages          = "36-57",
      doi            = "10.1016/j.physletb.2016.05.044",
      eprint         = "1512.06461",
      archivePrefix  = "arXiv",
      primaryClass   = "hep-ex",
      reportNumber   = "CMS-HIN-15-002, CERN-PH-EP-2015-302",
      SLACcitation   = "%%CITATION = ARXIV:1512.06461;%%"
}

@article{Aad:2015gta,
      author         = "Aad, Georges and others",
      title          = "{$Z$ boson production in $p+$Pb collisions at
                        $\sqrt{s_{NN}}=5.02$ TeV measured with the ATLAS
                        detector}",
      collaboration  = "ATLAS",
      journal        = "Phys. Rev.",
      volume         = "C92",
      year           = "2015",
      number         = "4",
      pages          = "044915",
      doi            = "10.1103/PhysRevC.92.044915",
      eprint         = "1507.06232",
      archivePrefix  = "arXiv",
      primaryClass   = "hep-ex",
      reportNumber   = "CERN-PH-EP-2015-146",
      SLACcitation   = "%%CITATION = ARXIV:1507.06232;%%"
}

@article{Sassot:2009sh,
      author         = "Sassot, Rodolfo and Stratmann, Marco and Zurita, Pia",
      title          = "{Fragmentations Functions in Nuclear Media}",
      journal        = "Phys. Rev.",
      volume         = "D81",
      year           = "2010",
      pages          = "054001",
      doi            = "10.1103/PhysRevD.81.054001",
      eprint         = "0912.1311",
      archivePrefix  = "arXiv",
      primaryClass   = "hep-ph",
      SLACcitation   = "%%CITATION = ARXIV:0912.1311;%%"
}


@article{Bordalo:1987cs,
      author         = "Bordalo, P. and others",
      title          = "{Nuclear Effects on the Nucleon Structure Functions in
                        Hadronic High Mass Dimuon Production}",
      collaboration  = "NA10",
      journal        = "Phys. Lett.",
      volume         = "B193",
      year           = "1987",
      pages          = "368",
      doi            = "10.1016/0370-2693(87)91253-6",
      reportNumber   = "CERN-EP-87-67",
      SLACcitation   = "%%CITATION = PHLTA,B193,368;%%"
}

@article{Onengut:2005kv,
      author         = "Onengut, G. and others",
      title          = "{Measurement of nucleon structure functions in neutrino
                        scattering}",
      collaboration  = "CHORUS",
      journal        = "Phys. Lett.",
      volume         = "B632",
      year           = "2006",
      pages          = "65-75",
      doi            = "10.1016/j.physletb.2005.10.062",
      reportNumber   = "CERN-PH-EP-2005-048",
      SLACcitation   = "%%CITATION = PHLTA,B632,65;%%"
}

@article{Goncharov:2001qe,
      author         = "Goncharov, M. and others",
      title          = "{Precise measurement of dimuon production cross-sections
                        in muon neutrino Fe and muon anti-neutrino Fe deep
                        inelastic scattering at the Tevatron}",
      collaboration  = "NuTeV",
      journal        = "Phys. Rev.",
      volume         = "D64",
      year           = "2001",
      pages          = "112006",
      doi            = "10.1103/PhysRevD.64.112006",
      eprint         = "hep-ex/0102049",
      archivePrefix  = "arXiv",
      primaryClass   = "hep-ex",
      reportNumber   = "FERMILAB-PUB-01-034-E",
      SLACcitation   = "%%CITATION = HEP-EX/0102049;%%"
}

@phdthesis{Mason:2006qa,
      author         = "Mason, David Alexander",
      title          = "{Measurement of the strange - antistrange asymmetry at
                        NLO in QCD from NuTeV dimuon data}",
      school         = "Oregon U.",
      year           = "2006",
      url            = "http://lss.fnal.gov/archive/thesis/2000/fermilab-thesis-2006-01.pdf",
      doi            = "10.2172/879078",
      reportNumber   = "FERMILAB-THESIS-2006-01, UMI-32-11223",
      SLACcitation   = "%%CITATION = FERMILAB-THESIS-2006-01;%%"
}

@article{Moreno:1990sf,
      author         = "Moreno, G. and others",
      title          = "{Dimuon production in proton - copper collisions at
                        $\sqrt{s}$ = 38.8-GeV}",
      journal        = "Phys. Rev.",
      volume         = "D43",
      year           = "1991",
      pages          = "2815-2836",
      doi            = "10.1103/PhysRevD.43.2815",
      reportNumber   = "FERMILAB-PUB-90-223-E",
      SLACcitation   = "%%CITATION = PHRVA,D43,2815;%%"
}

@article{Ball:2009mk,
      author         = "Ball, Richard D. and Del Debbio, Luigi and Forte, Stefano
                        and Guffanti, Alberto and Latorre, Jose I. and Piccione,
                        Andrea and Rojo, Juan and Ubiali, Maria",
      title          = "{Precision determination of electroweak parameters and
                        the strange content of the proton from neutrino
                        deep-inelastic scattering}",
      collaboration  = "NNPDF",
      journal        = "Nucl. Phys.",
      volume         = "B823",
      year           = "2009",
      pages          = "195-233",
      doi            = "10.1016/j.nuclphysb.2009.08.003",
      eprint         = "0906.1958",
      archivePrefix  = "arXiv",
      primaryClass   = "hep-ph",
      reportNumber   = "EDINBURGH-2009-06, IFUM-941-FT, FREIBURG-PHENO-09-03",
      SLACcitation   = "%%CITATION = ARXIV:0906.1958;%%"
}

@article{Kulagin:2007ju,
      author         = "Kulagin, Sergey A. and Petti, R.",
      title          = "{Neutrino inelastic scattering off nuclei}",
      journal        = "Phys. Rev.",
      volume         = "D76",
      year           = "2007",
      pages          = "094023",
      doi            = "10.1103/PhysRevD.76.094023",
      eprint         = "hep-ph/0703033",
      archivePrefix  = "arXiv",
      primaryClass   = "HEP-PH",
      SLACcitation   = "%%CITATION = HEP-PH/0703033;%%"
}

@incollection{Ball:2018odr,
      author         = "Ball, Richard D. and Deshpande, Abhay",
      title          = "{The Proton Spin, Semi-Inclusive processes, and a future
                        Electron Ion Collider}",
      url            = "http://inspirehep.net/record/1648159/files/arXiv:1801.04842.pdf",
      year           = "2018",
      eprint         = "1801.04842",
      archivePrefix  = "arXiv",
      primaryClass   = "hep-ph",
      reportNumber   = "Edinburgh 2018/3, BNL-200028-2018-JAAM, EDINBURGH-2018-3",
      SLACcitation   = "%%CITATION = ARXIV:1801.04842;%%"
}


@article{Watt:2012tq,
      author         = "Watt, G. and Thorne, R. S.",
      title          = "{Study of Monte Carlo approach to experimental
                        uncertainty propagation with MSTW 2008 PDFs}",
      journal        = "JHEP",
      volume         = "08",
      year           = "2012",
      pages          = "052",
      doi            = "10.1007/JHEP08(2012)052",
      eprint         = "1205.4024",
      archivePrefix  = "arXiv",
      primaryClass   = "hep-ph",
      reportNumber   = "CERN-PH-TH-2012-132, LCTS-2012-11",
      SLACcitation   = "%%CITATION = ARXIV:1205.4024;%%"
}

@article{Hou:2016sho,
      author         = "Hou, Tie-Jiun and others",
      title          = "{Reconstruction of Monte Carlo replicas from Hessian
                        parton distributions}",
      journal        = "JHEP",
      volume         = "03",
      year           = "2017",
      pages          = "099",
      doi            = "10.1007/JHEP03(2017)099",
      eprint         = "1607.06066",
      archivePrefix  = "arXiv",
      primaryClass   = "hep-ph",
      reportNumber   = "SMU-HEP-16-06",
      SLACcitation   = "%%CITATION = ARXIV:1607.06066;%%"
}

@article{Gao:2017yyd,
      author         = "Gao, Jun and Harland-Lang, Lucian and Rojo, Juan",
      title          = "{The Structure of the Proton in the LHC Precision Era}",
      year           = "2017",
      eprint         = "1709.04922",
      archivePrefix  = "arXiv",
      primaryClass   = "hep-ph",
      SLACcitation   = "%%CITATION = ARXIV:1709.04922;%%"
}

@article{Kovarik:2015cma,
      author         = "Kovarik, K. and others",
      title          = "{nCTEQ15 - Global analysis of nuclear parton
                        distributions with uncertainties in the CTEQ framework}",
      journal        = "Phys. Rev.",
      volume         = "D93",
      year           = "2016",
      number         = "8",
      pages          = "085037",
      doi            = "10.1103/PhysRevD.93.085037",
      eprint         = "1509.00792",
      archivePrefix  = "arXiv",
      primaryClass   = "hep-ph",
      reportNumber   = "LPSC-15-153, MS-TP-15-11, FERMILAB-PUB-15-375-ND-PPD-T",
      SLACcitation   = "%%CITATION = ARXIV:1509.00792;%%"
}

@article{Eskola:2016oht,
      author         = "Eskola, Kari J. and Paakkinen, Petja and Paukkunen, Hannu
                        and Salgado, Carlos A.",
      title          = "{EPPS16: Nuclear parton distributions with LHC data}",
      journal        = "Eur. Phys. J.",
      volume         = "C77",
      year           = "2017",
      number         = "3",
      pages          = "163",
      doi            = "10.1140/epjc/s10052-017-4725-9",
      eprint         = "1612.05741",
      archivePrefix  = "arXiv",
      primaryClass   = "hep-ph",
      SLACcitation   = "%%CITATION = ARXIV:1612.05741;%%"
}

@article{deFlorian:2011fp,
      author         = "de Florian, Daniel and Sassot, Rodolfo and Zurita, Pia
                        and Stratmann, Marco",
      title          = "{Global Analysis of Nuclear Parton Distributions}",
      journal        = "Phys. Rev.",
      volume         = "D85",
      year           = "2012",
      pages          = "074028",
      doi            = "10.1103/PhysRevD.85.074028",
      eprint         = "1112.6324",
      archivePrefix  = "arXiv",
      primaryClass   = "hep-ph",
      SLACcitation   = "%%CITATION = ARXIV:1112.6324;%%"
}



@article{Hirai:2007sx,
      author         = "Hirai, M. and Kumano, S. and Nagai, T. -H.",
      title          = "{Determination of nuclear parton distribution functions
                        and their uncertainties in next-to-leading order}",
      journal        = "Phys. Rev.",
      volume         = "C76",
      year           = "2007",
      pages          = "065207",
      doi            = "10.1103/PhysRevC.76.065207",
      eprint         = "0709.3038",
      archivePrefix  = "arXiv",
      primaryClass   = "hep-ph",
      reportNumber   = "KEK-TH-1013",
      SLACcitation   = "%%CITATION = ARXIV:0709.3038;%%"
}


@article{Buckley:2014ana,
      author         = "Buckley, Andy and Ferrando, James and Lloyd, Stephen and
                        Nordström, Karl and Page, Ben and Rüfenacht, Martin and
                        Schönherr, Marek and Watt, Graeme",
      title          = "{LHAPDF6: parton density access in the LHC precision
                        era}",
      journal        = "Eur. Phys. J.",
      volume         = "C75",
      year           = "2015",
      pages          = "132",
      doi            = "10.1140/epjc/s10052-015-3318-8",
      eprint         = "1412.7420",
      archivePrefix  = "arXiv",
      primaryClass   = "hep-ph",
      reportNumber   = "GLAS-PPE-2014-05, MCNET-14-29, IPPP-14-111, DCPT-14-222",
      SLACcitation   = "%%CITATION = ARXIV:1412.7420;%%"
}

@article{Bertone:2013vaa,
      author         = "Bertone, Valerio and Carrazza, Stefano and Rojo, Juan",
      title          = "{APFEL: A PDF Evolution Library with QED corrections}",
      journal        = "Comput. Phys. Commun.",
      volume         = "185",
      year           = "2014",
      pages          = "1647-1668",
      doi            = "10.1016/j.cpc.2014.03.007",
      eprint         = "1310.1394",
      archivePrefix  = "arXiv",
      primaryClass   = "hep-ph",
      reportNumber   = "IFUM-1015-FT, CERN-PH-TH-2013-209",
      SLACcitation   = "%%CITATION = ARXIV:1310.1394;%%"
}


@article{Aad:2012sb,
      author         = "Aad, Georges and others",
      title          = "{Determination of the strange quark density of the proton
                        from ATLAS measurements of the $W \to \ell \nu$ and $Z \to
                        \ell\ell$ cross sections}",
      collaboration  = "ATLAS",
      journal        = "Phys. Rev. Lett.",
      volume         = "109",
      year           = "2012",
      pages          = "012001",
      doi            = "10.1103/PhysRevLett.109.012001",
      eprint         = "1203.4051",
      archivePrefix  = "arXiv",
      primaryClass   = "hep-ex",
      reportNumber   = "CERN-PH-EP-2012-030",
      SLACcitation   = "%%CITATION = ARXIV:1203.4051;%%"
}



@article{Guffanti:2010yu,
      author         = "Guffanti, Alberto and Rojo, Juan",
      title          = "{Top production at the LHC: The Impact of PDF
                        uncertainties and correlations}",
      booktitle      = "{Proceedings, 3rd International Workshop on Top Quark
                        Physics (TOP2010): Bruges, Belgium, May 31-June 4, 2010}",
      journal        = "Nuovo Cim.",
      volume         = "C033",
      year           = "2010",
      number         = "4",
      pages          = "65-72",
      doi            = "10.1393/ncc/i2010-10668-y",
      eprint         = "1008.4671",
      archivePrefix  = "arXiv",
      primaryClass   = "hep-ph",
      SLACcitation   = "%%CITATION = ARXIV:1008.4671;%%"
}

@article{Arneodo:1992wf,
      author         = "Arneodo, Michele",
      title          = "{Nuclear effects in structure functions}",
      journal        = "Phys. Rept.",
      volume         = "240",
      year           = "1994",
      pages          = "301-393",
      doi            = "10.1016/0370-1573(94)90048-5",
      reportNumber   = "CERN-PPE-92-113",
      SLACcitation   = "%%CITATION = PRPLC,240,301;%%"
}

@article{Arneodo:1996kd,
      author         = "Arneodo, M. and others",
      title          = "{Accurate measurement of F2(d) / F2(p) and R**d - R**p}",
      collaboration  = "New Muon",
      journal        = "Nucl. Phys.",
      volume         = "B487",
      year           = "1997",
      pages          = "3-26",
      doi            = "10.1016/S0550-3213(96)00673-6",
      eprint         = "hep-ex/9611022",
      archivePrefix  = "arXiv",
      primaryClass   = "hep-ex",
      SLACcitation   = "%%CITATION = HEP-EX/9611022;%%"
}

@article{Benvenuti:1989rh,
      author         = "Benvenuti, A. C. and others",
      title          = "{A High Statistics Measurement of the Proton Structure
                        Functions F(2) (x, Q**2) and R from Deep Inelastic Muon
                        Scattering at High Q**2}",
      collaboration  = "BCDMS",
      journal        = "Phys. Lett.",
      volume         = "B223",
      year           = "1989",
      pages          = "485-489",
      doi            = "10.1016/0370-2693(89)91637-7",
      reportNumber   = "CERN-EP-89-06, JINR-E1-89-540",
      SLACcitation   = "%%CITATION = PHLTA,B223,485;%%"
}

@article{Benvenuti:1989fm,
      author         = "Benvenuti, A. C. and others",
      title          = "{A High Statistics Measurement of the Deuteron Structure
                        Functions F2 (X, $Q^2$) and R From Deep Inelastic Muon
                        Scattering at High $Q^2$}",
      collaboration  = "BCDMS",
      journal        = "Phys. Lett.",
      volume         = "B237",
      year           = "1990",
      pages          = "592-598",
      doi            = "10.1016/0370-2693(90)91231-Y",
      reportNumber   = "CERN-EP-89-170, JINR-E1-90-284",
      SLACcitation   = "%%CITATION = PHLTA,B237,592;%%"
}

@article{Whitlow:1991uw,
      author         = "Whitlow, L. W. and Riordan, E. M. and Dasu, S. and Rock,
                        Stephen and Bodek, A.",
      title          = "{Precise measurements of the proton and deuteron
                        structure functions from a global analysis of the SLAC
                        deep inelastic electron scattering cross-sections}",
      journal        = "Phys. Lett.",
      volume         = "B282",
      year           = "1992",
      pages          = "475-482",
      doi            = "10.1016/0370-2693(92)90672-Q",
      reportNumber   = "SLAC-PUB-5442",
      SLACcitation   = "%%CITATION = PHLTA,B282,475;%%"
}

@article{Abramowicz:2015mha,
      author         = "Abramowicz, H. and others",
      title          = "{Combination of measurements of inclusive deep inelastic
                        ${e^{\pm }p}$ scattering cross sections and QCD analysis
                        of HERA data}",
      collaboration  = "ZEUS, H1",
      journal        = "Eur. Phys. J.",
      volume         = "C75",
      year           = "2015",
      number         = "12",
      pages          = "580",
      doi            = "10.1140/epjc/s10052-015-3710-4",
      eprint         = "1506.06042",
      archivePrefix  = "arXiv",
      primaryClass   = "hep-ex",
      reportNumber   = "DESY-15-039",
      SLACcitation   = "%%CITATION = ARXIV:1506.06042;%%"
}

@article{Abramowicz:1900rp,
      author         = "Abramowicz, H. and others",
      title          = "{Combination and QCD Analysis of Charm Production Cross
                        Section Measurements in Deep-Inelastic ep Scattering at
                        HERA}",
      collaboration  = "ZEUS, H1",
      journal        = "Eur. Phys. J.",
      volume         = "C73",
      year           = "2013",
      number         = "2",
      pages          = "2311",
      doi            = "10.1140/epjc/s10052-013-2311-3",
      eprint         = "1211.1182",
      archivePrefix  = "arXiv",
      primaryClass   = "hep-ex",
      reportNumber   = "DESY-12-172",
      SLACcitation   = "%%CITATION = ARXIV:1211.1182;%%"
}

@article{Aaltonen:2010zza,
      author         = "Aaltonen, Timo Antero and others",
      title          = "{Measurement of $d\sigma/dy$ of Drell-Yan $e^+e^-$ pairs
                        in the $Z$ Mass Region from $p\bar{p}$ Collisions at
                        $\sqrt{s}=1.96$ TeV}",
      collaboration  = "CDF",
      journal        = "Phys. Lett.",
      volume         = "B692",
      year           = "2010",
      pages          = "232-239",
      doi            = "10.1016/j.physletb.2010.06.043",
      eprint         = "0908.3914",
      archivePrefix  = "arXiv",
      primaryClass   = "hep-ex",
      reportNumber   = "FERMILAB-PUB-10-057-E",
      SLACcitation   = "%%CITATION = ARXIV:0908.3914;%%"
}

@article{Abazov:2007jy,
      author         = "Abazov, V. M. and others",
      title          = "{Measurement of the shape of the boson rapidity
                        distribution for 
                        $p \bar{p} \to Z/gamma^* \to e^{+} e^{-}$
                        + $X$ events produced at $\sqrt{s}$ of 1.96 TeV}",
      collaboration  = "D0",
      journal        = "Phys. Rev.",
      volume         = "D76",
      year           = "2007",
      pages          = "012003",
      doi            = "10.1103/PhysRevD.76.012003",
      eprint         = "hep-ex/0702025",
      archivePrefix  = "arXiv",
      primaryClass   = "HEP-EX",
      reportNumber   = "FERMILAB-PUB-07-040-E",
      SLACcitation   = "%%CITATION = HEP-EX/0702025;%%"
}



@article{Aaltonen:2008eq,
      author         = "Aaltonen, T. and others",
      title          = "{Measurement of the Inclusive Jet Cross Section at the
                        Fermilab Tevatron p anti-p Collider Using a Cone-Based Jet
                        Algorithm}",
      collaboration  = "CDF",
      journal        = "Phys. Rev.",
      volume         = "D78",
      year           = "2008",
      pages          = "052006",
      doi            = "10.1103/PhysRevD.79.119902, 10.1103/PhysRevD.78.052006",
      note           = "[Erratum: Phys. Rev.D79,119902(2009)]",
      eprint         = "0807.2204",
      archivePrefix  = "arXiv",
      primaryClass   = "hep-ex",
      reportNumber   = "FERMILAB-PUB-08-243-E",
      SLACcitation   = "%%CITATION = ARXIV:0807.2204;%%"
}

@article{Abazov:2013rja,
      author         = "Abazov, Victor Mukhamedovich and others",
      title          = "{Measurement of the muon charge asymmetry in $p\bar{p}$
                        $\to$ W+X $\to$ $\mu\nu$ + X events at
                        $\sqrt{s}$=1.96 TeV}",
      collaboration  = "D0",
      journal        = "Phys. Rev.",
      volume         = "D88",
      year           = "2013",
      pages          = "091102",
      doi            = "10.1103/PhysRevD.88.091102",
      eprint         = "1309.2591",
      archivePrefix  = "arXiv",
      primaryClass   = "hep-ex",
      reportNumber   = "FERMILAB-PUB-13-361-E",
      SLACcitation   = "%%CITATION = ARXIV:1309.2591;%%"
}

@article{D0:2014kma,
      author         = "Abazov, Victor Mukhamedovich and others",
      title          = "{Measurement of the electron charge asymmetry in
                        $\boldsymbol{p\bar{p}\rightarrow W+X \rightarrow e\nu +X}$
                        decays in $\boldsymbol{p\bar{p}}$ collisions at
                        $\boldsymbol{\sqrt{s}=1.96}$ TeV}",
      collaboration  = "D0",
      journal        = "Phys. Rev.",
      volume         = "D91",
      year           = "2015",
      number         = "3",
      pages          = "032007",
      doi            = "10.1103/PhysRevD.91.032007, 10.1103/PhysRevD.91.079901",
      note           = "[Erratum: Phys. Rev.D91,no.7,079901(2015)]",
      eprint         = "1412.2862",
      archivePrefix  = "arXiv",
      primaryClass   = "hep-ex",
      reportNumber   = "FERMILAB-PUB-14-514-E",
      SLACcitation   = "%%CITATION = ARXIV:1412.2862;%%"
}

@article{Aad:2011dm,
      author         = "Aad, Georges and others",
      title          = "{Measurement of the inclusive $W^\pm$ and Z/gamma cross
                        sections in the electron and muon decay channels in $pp$
                        collisions at $\sqrt{s}=7$ TeV with the ATLAS detector}",
      collaboration  = "ATLAS",
      journal        = "Phys. Rev.",
      volume         = "D85",
      year           = "2012",
      pages          = "072004",
      doi            = "10.1103/PhysRevD.85.072004",
      eprint         = "1109.5141",
      archivePrefix  = "arXiv",
      primaryClass   = "hep-ex",
      reportNumber   = "CERN-PH-EP-2011-143",
      SLACcitation   = "%%CITATION = ARXIV:1109.5141;%%"
}

@article{Aad:2013iua,
      author         = "Aad, Georges and others",
      title          = "{Measurement of the high-mass Drell--Yan differential
                        cross-section in pp collisions at $\sqrt(s)$=7 TeV with the
                        ATLAS detector}",
      collaboration  = "ATLAS",
      journal        = "Phys. Lett.",
      volume         = "B725",
      year           = "2013",
      pages          = "223-242",
      doi            = "10.1016/j.physletb.2013.07.049",
      eprint         = "1305.4192",
      archivePrefix  = "arXiv",
      primaryClass   = "hep-ex",
      reportNumber   = "CERN-PH-EP-2013-064",
      SLACcitation   = "%%CITATION = ARXIV:1305.4192;%%"
}

@article{Aad:2011fp,
      author         = "Aad, Georges and others",
      title          = "{Measurement of the Transverse Momentum Distribution of
                        $W$ Bosons in $pp$ Collisions at $\sqrt{s}=7$ TeV with the
                        ATLAS Detector}",
      collaboration  = "ATLAS",
      journal        = "Phys. Rev.",
      volume         = "D85",
      year           = "2012",
      pages          = "012005",
      doi            = "10.1103/PhysRevD.85.012005",
      eprint         = "1108.6308",
      archivePrefix  = "arXiv",
      primaryClass   = "hep-ex",
      reportNumber   = "CERN-PH-EP-2011-134",
      SLACcitation   = "%%CITATION = ARXIV:1108.6308;%%"
}

@article{Aad:2011fc,
      author         = "Aad, Georges and others",
      title          = "{Measurement of inclusive jet and dijet production in
                        $pp$ collisions at $\sqrt{s}=7$ TeV using the ATLAS
                        detector}",
      collaboration  = "ATLAS",
      journal        = "Phys. Rev.",
      volume         = "D86",
      year           = "2012",
      pages          = "014022",
      doi            = "10.1103/PhysRevD.86.014022",
      eprint         = "1112.6297",
      archivePrefix  = "arXiv",
      primaryClass   = "hep-ex",
      reportNumber   = "CERN-PH-EP-2011-192",
      SLACcitation   = "%%CITATION = ARXIV:1112.6297;%%"
}

@article{Aad:2013lpa,
      author         = "Aad, Georges and others",
      title          = "{Measurement of the inclusive jet cross section in pp
                        collisions at $\sqrt(s)$=2.76 TeV and comparison to the
                        inclusive jet cross section at $\sqrt(s)$=7 TeV using the
                        ATLAS detector}",
      collaboration  = "ATLAS",
      journal        = "Eur. Phys. J.",
      volume         = "C73",
      year           = "2013",
      number         = "8",
      pages          = "2509",
      doi            = "10.1140/epjc/s10052-013-2509-4",
      eprint         = "1304.4739",
      archivePrefix  = "arXiv",
      primaryClass   = "hep-ex",
      reportNumber   = "CERN-PH-EP-2013-036",
      SLACcitation   = "%%CITATION = ARXIV:1304.4739;%%"
}

@article{ATLAS:2012aa,
      author         = "Aad, Georges and others",
      title          = "{Measurement of the cross section for top-quark pair
                        production in $pp$ collisions at $\sqrt{s}=7$ TeV with the
                        ATLAS detector using final states with two high-pt
                        leptons}",
      collaboration  = "ATLAS",
      journal        = "JHEP",
      volume         = "05",
      year           = "2012",
      pages          = "059",
      doi            = "10.1007/JHEP05(2012)059",
      eprint         = "1202.4892",
      archivePrefix  = "arXiv",
      primaryClass   = "hep-ex",
      reportNumber   = "CERN-PH-EP-2011-223",
      SLACcitation   = "%%CITATION = ARXIV:1202.4892;%%"
}

@article{ATLAS:2011xha,
      title          = "{Measurement of the ttbar production cross-section in pp
                        collisions at $\sqrt{s}$ = 7 TeV using kinematic information
                        of lepton+jets events}",
      collaboration  = "ATLAS",
      year           = "2011",
      reportNumber   = "ATLAS-CONF-2011-121",
      SLACcitation   = "%%CITATION = ATLAS-CONF-2011-121;%%"
}

@article{TheATLAScollaboration:2013dja,
      author         = "The ATLAS collaboration",
      title          = "{Measurement of the $t\bar{t}$ production cross-section
                        in $pp$ collisions at $\sqrt{s}=8$ TeV using $e\mu$ events
                        with $b$-tagged jets}",
      collaboration  = "ATLAS",
      year           = "2013",
      reportNumber   = "ATLAS-CONF-2013-097",
      SLACcitation   = "%%CITATION = ATLAS-CONF-2013-097;%%"
}

@article{Aad:2015auj,
      author         = "Aad, Georges and others",
      title          = "{Measurement of the transverse momentum and $\phi
                        ^*_{\eta }$ distributions of Drell–Yan lepton pairs in
                        proton–proton collisions at $\sqrt{s}=8$  TeV with the
                        ATLAS detector}",
      collaboration  = "ATLAS",
      journal        = "Eur. Phys. J.",
      volume         = "C76",
      year           = "2016",
      number         = "5",
      pages          = "291",
      doi            = "10.1140/epjc/s10052-016-4070-4",
      eprint         = "1512.02192",
      archivePrefix  = "arXiv",
      primaryClass   = "hep-ex",
      reportNumber   = "CERN-PH-EP-2015-275",
      SLACcitation   = "%%CITATION = ARXIV:1512.02192;%%"
}

@article{Aaboud:2016btc,
      author         = "Aaboud, Morad and others",
      title          = "{Precision measurement and interpretation of inclusive
                        $W^+$ , $W^-$ and $Z/\gamma ^*$ production cross sections
                        with the ATLAS detector}",
      collaboration  = "ATLAS",
      journal        = "Eur. Phys. J.",
      volume         = "C77",
      year           = "2017",
      number         = "6",
      pages          = "367",
      doi            = "10.1140/epjc/s10052-017-4911-9",
      eprint         = "1612.03016",
      archivePrefix  = "arXiv",
      primaryClass   = "hep-ex",
      reportNumber   = "CERN-EP-2016-272",
      SLACcitation   = "%%CITATION = ARXIV:1612.03016;%%"
}

@article{Aad:2014kva,
      author         = "Aad, Georges and others",
      title          = "{Measurement of the $t\bar{t}$ production cross-section
                        using $e\mu $ events with b-tagged jets in pp collisions
                        at $\sqrt{s}$ = 7 and 8  $\,\mathrm{TeV}$ with the ATLAS
                        detector}",
      collaboration  = "ATLAS",
      journal        = "Eur. Phys. J.",
      volume         = "C74",
      year           = "2014",
      number         = "10",
      pages          = "3109",
      doi            = "10.1140/epjc/s10052-016-4501-2,
                        10.1140/epjc/s10052-014-3109-7",
      note           = "[Addendum: Eur. Phys. J.C76,no.11,642(2016)]",
      eprint         = "1406.5375",
      archivePrefix  = "arXiv",
      primaryClass   = "hep-ex",
      reportNumber   = "CERN-PH-EP-2014-124, CERN-EP-2014-124",
      SLACcitation   = "%%CITATION = ARXIV:1406.5375;%%"
}

@article{Aaboud:2016pbd,
      author         = "Aaboud, Morad and others",
      title          = "{Measurement of the $t\bar{t}$ production cross-section
                        using $e\mu$ events with b-tagged jets in pp collisions at
                        $\sqrt{s}$=13 TeV with the ATLAS detector}",
      collaboration  = "ATLAS",
      journal        = "Phys. Lett.",
      volume         = "B761",
      year           = "2016",
      pages          = "136-157",
      doi            = "10.1016/j.physletb.2016.08.019,
                        10.1016/j.physletb.2017.09.027",
      note           = "[Erratum: Phys. Lett.B772,879(2017)]",
      eprint         = "1606.02699",
      archivePrefix  = "arXiv",
      primaryClass   = "hep-ex",
      reportNumber   = "CERN-EP-2016-088",
      SLACcitation   = "%%CITATION = ARXIV:1606.02699;%%"
}

@article{Aad:2015mbv,
      author         = "Aad, Georges and others",
      title          = "{Measurements of top-quark pair differential
                        cross-sections in the lepton+jets channel in $pp$
                        collisions at $\sqrt{s}=8$ TeV using the ATLAS detector}",
      collaboration  = "ATLAS",
      journal        = "Eur. Phys. J.",
      volume         = "C76",
      year           = "2016",
      number         = "10",
      pages          = "538",
      doi            = "10.1140/epjc/s10052-016-4366-4",
      eprint         = "1511.04716",
      archivePrefix  = "arXiv",
      primaryClass   = "hep-ex",
      reportNumber   = "CERN-PH-EP-2015-239",
      SLACcitation   = "%%CITATION = ARXIV:1511.04716;%%"
}

@article{Aad:2014qja,
      author         = "Aad, Georges and others",
      title          = "{Measurement of the low-mass Drell-Yan differential cross
                        section at $\sqrt{s}$ = 7 TeV using the ATLAS detector}",
      collaboration  = "ATLAS",
      journal        = "JHEP",
      volume         = "06",
      year           = "2014",
      pages          = "112",
      doi            = "10.1007/JHEP06(2014)112",
      eprint         = "1404.1212",
      archivePrefix  = "arXiv",
      primaryClass   = "hep-ex",
      reportNumber   = "CERN-PH-EP-2014-020",
      SLACcitation   = "%%CITATION = ARXIV:1404.1212;%%"
}

@article{Aad:2014xaa,
      author         = "Aad, Georges and others",
      title          = "{Measurement of the $Z/\gamma^*$ boson transverse
                        momentum distribution in $pp$ collisions at $\sqrt{s}$ = 7
                        TeV with the ATLAS detector}",
      collaboration  = "ATLAS",
      journal        = "JHEP",
      volume         = "09",
      year           = "2014",
      pages          = "145",
      doi            = "10.1007/JHEP09(2014)145",
      eprint         = "1406.3660",
      archivePrefix  = "arXiv",
      primaryClass   = "hep-ex",
      reportNumber   = "CERN-PH-EP-2014-075",
      SLACcitation   = "%%CITATION = ARXIV:1406.3660;%%"
}

@article{Chatrchyan:2012xt,
      author         = "Chatrchyan, Serguei and others",
      title          = "{Measurement of the electron charge asymmetry in
                        inclusive $W$ production in $pp$ collisions at
                        $\sqrt{s}=7$ TeV}",
      collaboration  = "CMS",
      journal        = "Phys. Rev. Lett.",
      volume         = "109",
      year           = "2012",
      pages          = "111806",
      doi            = "10.1103/PhysRevLett.109.111806",
      eprint         = "1206.2598",
      archivePrefix  = "arXiv",
      primaryClass   = "hep-ex",
      reportNumber   = "CMS-SMP-12-001, CERN-PH-EP-2012-151",
      SLACcitation   = "%%CITATION = ARXIV:1206.2598;%%"
}

@article{Chatrchyan:2013mza,
      author         = "Chatrchyan, Serguei and others",
      title          = "{Measurement of the muon charge asymmetry in inclusive
                        $pp \to W+X$ production at $\sqrt s =$ 7 TeV and an
                        improved determination of light parton distribution
                        functions}",
      collaboration  = "CMS",
      journal        = "Phys. Rev.",
      volume         = "D90",
      year           = "2014",
      number         = "3",
      pages          = "032004",
      doi            = "10.1103/PhysRevD.90.032004",
      eprint         = "1312.6283",
      archivePrefix  = "arXiv",
      primaryClass   = "hep-ex",
      reportNumber   = "CMS-SMP-12-021, CERN-PH-EP-2013-232",
      SLACcitation   = "%%CITATION = ARXIV:1312.6283;%%"
}

@article{Chatrchyan:2013tia,
      author         = "Chatrchyan, Serguei and others",
      title          = "{Measurement of the differential and double-differential
                        Drell-Yan cross sections in proton-proton collisions at
                        $\sqrt{s} =$ 7 TeV}",
      collaboration  = "CMS",
      journal        = "JHEP",
      volume         = "12",
      year           = "2013",
      pages          = "030",
      doi            = "10.1007/JHEP12(2013)030",
      eprint         = "1310.7291",
      archivePrefix  = "arXiv",
      primaryClass   = "hep-ex",
      reportNumber   = "CMS-SMP-13-003, CERN-PH-EP-2013-168",
      SLACcitation   = "%%CITATION = ARXIV:1310.7291;%%"
}

@article{Chatrchyan:2013uja,
      author         = "Chatrchyan, Serguei and others",
      title          = "{Measurement of associated W + charm production in pp
                        collisions at $\sqrt{s}$ = 7 TeV}",
      collaboration  = "CMS",
      journal        = "JHEP",
      volume         = "02",
      year           = "2014",
      pages          = "013",
      doi            = "10.1007/JHEP02(2014)013",
      eprint         = "1310.1138",
      archivePrefix  = "arXiv",
      primaryClass   = "hep-ex",
      reportNumber   = "CMS-SMP-12-002, CERN-PH-EP-2013-149",
      SLACcitation   = "%%CITATION = ARXIV:1310.1138;%%"
}

@article{Chatrchyan:2013faa,
      author         = "Chatrchyan, Serguei and others",
      title          = "{Measurement of the $t \bar{t}$ production cross section
                        in the dilepton channel in pp collisions at $\sqrt{s}$ = 8
                        TeV}",
      collaboration  = "CMS",
      journal        = "JHEP",
      volume         = "02",
      year           = "2014",
      pages          = "024",
      doi            = "10.1007/JHEP02(2014)024, 10.1007/JHEP02(2014)102",
      note           = "[Erratum: JHEP02,102(2014)]",
      eprint         = "1312.7582",
      archivePrefix  = "arXiv",
      primaryClass   = "hep-ex",
      reportNumber   = "CMS-TOP-12-007, CERN-PH-EP-2013-234",
      SLACcitation   = "%%CITATION = ARXIV:1312.7582;%%"
}

@article{Chatrchyan:2012bra,
      author         = "Chatrchyan, Serguei and others",
      title          = "{Measurement of the $t\bar{t}$ production cross section
                        in the dilepton channel in $pp$ collisions at $\sqrt{s}=7$
                        TeV}",
      collaboration  = "CMS",
      journal        = "JHEP",
      volume         = "11",
      year           = "2012",
      pages          = "067",
      doi            = "10.1007/JHEP11(2012)067",
      eprint         = "1208.2671",
      archivePrefix  = "arXiv",
      primaryClass   = "hep-ex",
      reportNumber   = "CMS-TOP-11-005, CERN-PH-EP-2012-224",
      SLACcitation   = "%%CITATION = ARXIV:1208.2671;%%"
}

@article{Chatrchyan:2012ria,
      author         = "Chatrchyan, Serguei and others",
      title          = "{Measurement of the $t\bar{t}$ production cross section
                        in $pp$ collisions at $\sqrt{s}=7$ TeV with lepton + jets
                        final states}",
      collaboration  = "CMS",
      journal        = "Phys. Lett.",
      volume         = "B720",
      year           = "2013",
      pages          = "83-104",
      doi            = "10.1016/j.physletb.2013.02.021",
      eprint         = "1212.6682",
      archivePrefix  = "arXiv",
      primaryClass   = "hep-ex",
      reportNumber   = "CMS-TOP-11-003, CERN-PH-EP-2012-285",
      SLACcitation   = "%%CITATION = ARXIV:1212.6682;%%"
}

@article{Khachatryan:2016pev,
      author         = "Khachatryan, Vardan and others",
      title          = "{Measurement of the differential cross section and charge
                        asymmetry for inclusive $\mathrm {p}\mathrm {p}\rightarrow
                        \mathrm {W}^{\pm }+X$ production at ${\sqrt{s}} = 8$ TeV}",
      collaboration  = "CMS",
      journal        = "Eur. Phys. J.",
      volume         = "C76",
      year           = "2016",
      number         = "8",
      pages          = "469",
      doi            = "10.1140/epjc/s10052-016-4293-4",
      eprint         = "1603.01803",
      archivePrefix  = "arXiv",
      primaryClass   = "hep-ex",
      reportNumber   = "CMS-SMP-14-022, CERN-EP-2016-043",
      SLACcitation   = "%%CITATION = ARXIV:1603.01803;%%"
}

@article{Khachatryan:2015luy,
      author         = "Khachatryan, Vardan and others",
      title          = "{Measurement of the inclusive jet cross section in pp
                        collisions at $\sqrt{s} = 2.76\,\text {TeV}$}",
      collaboration  = "CMS",
      journal        = "Eur. Phys. J.",
      volume         = "C76",
      year           = "2016",
      number         = "5",
      pages          = "265",
      doi            = "10.1140/epjc/s10052-016-4083-z",
      eprint         = "1512.06212",
      archivePrefix  = "arXiv",
      primaryClass   = "hep-ex",
      reportNumber   = "CMS-SMP-14-017, CERN-PH-EP-2015-299",
      SLACcitation   = "%%CITATION = ARXIV:1512.06212;%%"
}

@article{Khachatryan:2016mqs,
      author         = "Khachatryan, Vardan and others",
      title          = "{Measurement of the t-tbar production cross section in
                        the e-mu channel in proton-proton collisions at 
                        $sqrt(s)$ = 7 and 8 TeV}",
      collaboration  = "CMS",
      journal        = "JHEP",
      volume         = "08",
      year           = "2016",
      pages          = "029",
      doi            = "10.1007/JHEP08(2016)029",
      eprint         = "1603.02303",
      archivePrefix  = "arXiv",
      primaryClass   = "hep-ex",
      reportNumber   = "CMS-TOP-13-004, CERN-EP-2016-044",
      SLACcitation   = "%%CITATION = ARXIV:1603.02303;%%"
}

@article{Khachatryan:2015oqa,
      author         = "Khachatryan, Vardan and others",
      title          = "{Measurement of the differential cross section for top
                        quark pair production in pp collisions at $\sqrt{s} =
                        8\,\text {TeV} $}",
      collaboration  = "CMS",
      journal        = "Eur. Phys. J.",
      volume         = "C75",
      year           = "2015",
      number         = "11",
      pages          = "542",
      doi            = "10.1140/epjc/s10052-015-3709-x",
      eprint         = "1505.04480",
      archivePrefix  = "arXiv",
      primaryClass   = "hep-ex",
      reportNumber   = "CMS-TOP-12-028, CERN-PH-EP-2015-117",
      SLACcitation   = "%%CITATION = ARXIV:1505.04480;%%"
}

@article{Khachatryan:2015oaa,
      author         = "Khachatryan, Vardan and others",
      title          = "{Measurement of the Z boson differential cross section in
                        transverse momentum and rapidity in proton–proton
                        collisions at 8 TeV}",
      collaboration  = "CMS",
      journal        = "Phys. Lett.",
      volume         = "B749",
      year           = "2015",
      pages          = "187-209",
      doi            = "10.1016/j.physletb.2015.07.065",
      eprint         = "1504.03511",
      archivePrefix  = "arXiv",
      primaryClass   = "hep-ex",
      reportNumber   = "CMS-SMP-13-013, CERN-PH-EP-2015-059",
      SLACcitation   = "%%CITATION = ARXIV:1504.03511;%%"
}

@article{Aaij:2012vn,
      author         = "Aaij, R and others",
      title          = "{Inclusive $W$ and $Z$ production in the forward region
                        at $\sqrt{s} = 7$ TeV}",
      collaboration  = "LHCb",
      journal        = "JHEP",
      volume         = "06",
      year           = "2012",
      pages          = "058",
      doi            = "10.1007/JHEP06(2012)058",
      eprint         = "1204.1620",
      archivePrefix  = "arXiv",
      primaryClass   = "hep-ex",
      reportNumber   = "CERN-PH-EP-2012-099, LHCB-PAPER-2012-008",
      SLACcitation   = "%%CITATION = ARXIV:1204.1620;%%"
}

@article{Aaij:2012mda,
      author         = "Aaij, R and others",
      title          = "{Measurement of the cross-section for $Z \to e^+e^-$
                        production in $pp$ collisions at $\sqrt{s}=7$ TeV}",
      collaboration  = "LHCb",
      journal        = "JHEP",
      volume         = "02",
      year           = "2013",
      pages          = "106",
      doi            = "10.1007/JHEP02(2013)106",
      eprint         = "1212.4620",
      archivePrefix  = "arXiv",
      primaryClass   = "hep-ex",
      reportNumber   = "CERN-PH-EP-2012-363, LHCB-PAPER-2012-036",
      SLACcitation   = "%%CITATION = ARXIV:1212.4620;%%"
}

@article{Chatrchyan:2012bja,
      author         = "Chatrchyan, Serguei and others",
      title          = "{Measurements of differential jet cross sections in
                        proton-proton collisions at $\sqrt{s}=7$ TeV with the CMS
                        detector}",
      collaboration  = "CMS",
      journal        = "Phys. Rev.",
      volume         = "D87",
      year           = "2013",
      number         = "11",
      pages          = "112002",
      doi            = "10.1103/PhysRevD.87.112002, 10.1103/PhysRevD.87.119902",
      note           = "[Erratum: Phys. Rev.D87,no.11,119902(2013)]",
      eprint         = "1212.6660",
      archivePrefix  = "arXiv",
      primaryClass   = "hep-ex",
      reportNumber   = "CMS-QCD-11-004, CERN-PH-EP-2012-343",
      SLACcitation   = "%%CITATION = ARXIV:1212.6660;%%"
}

@article{Aaij:2015gna,
      author         = "Aaij, Roel and others",
      title          = "{Measurement of the forward $Z$ boson production
                        cross-section in $pp$ collisions at $\sqrt{s}=7$ TeV}",
      collaboration  = "LHCb",
      journal        = "JHEP",
      volume         = "08",
      year           = "2015",
      pages          = "039",
      doi            = "10.1007/JHEP08(2015)039",
      eprint         = "1505.07024",
      archivePrefix  = "arXiv",
      primaryClass   = "hep-ex",
      reportNumber   = "LHCB-PAPER-2015-001, CERN-PH-EP-2015-102",
      SLACcitation   = "%%CITATION = ARXIV:1505.07024;%%"
}

@article{Aaij:2015zlq,
      author         = "Aaij, Roel and others",
      title          = "{Measurement of forward W and Z boson production in $pp$
                        collisions at $\sqrt{s}=8 $ TeV}",
      collaboration  = "LHCb",
      journal        = "JHEP",
      volume         = "01",
      year           = "2016",
      pages          = "155",
      doi            = "10.1007/JHEP01(2016)155",
      eprint         = "1511.08039",
      archivePrefix  = "arXiv",
      primaryClass   = "hep-ex",
      reportNumber   = "LHCB-PAPER-2015-049, CERN-PH-EP-2015-301",
      SLACcitation   = "%%CITATION = ARXIV:1511.08039;%%"
}

@article{Forte:2010ta,
      author         = "Forte, Stefano and Laenen, Eric and Nason, Paolo and
                        Rojo, Juan",
      title          = "{Heavy quarks in deep-inelastic scattering}",
      journal        = "Nucl. Phys.",
      volume         = "B834",
      year           = "2010",
      pages          = "116-162",
      doi            = "10.1016/j.nuclphysb.2010.03.014",
      eprint         = "1001.2312",
      archivePrefix  = "arXiv",
      primaryClass   = "hep-ph",
      reportNumber   = "IFUM-949-FT, NIKHEF-2010-001, ITP-UU-10-03, ITFA-2010-01",
      SLACcitation   = "%%CITATION = ARXIV:1001.2312;%%"
}

@article{Ball:2015tna,
      author         = "Ball, Richard D. and Bertone, Valerio and Bonvini, Marco
                        and Forte, Stefano and Groth Merrild, Patrick and Rojo,
                        Juan and Rottoli, Luca",
      title          = "{Intrinsic charm in a matched general-mass scheme}",
      journal        = "Phys. Lett.",
      volume         = "B754",
      year           = "2016",
      pages          = "49-58",
      doi            = "10.1016/j.physletb.2015.12.077",
      eprint         = "1510.00009",
      archivePrefix  = "arXiv",
      primaryClass   = "hep-ph",
      reportNumber   = "EDINBURGH-2015-06, TIF-UNIMI-2015-11, EDINBURGH-2015-14,
                        CERN-PH-TH-2015-176, OUTP-15-20P",
      SLACcitation   = "%%CITATION = ARXIV:1510.00009;%%"
}

@article{Ball:2016neh,
      author         = "Ball, Richard D. and Bertone, Valerio and Bonvini, Marco
                        and Carrazza, Stefano and Forte, Stefano and Guffanti,
                        Alberto and Hartland, Nathan P. and Rojo, Juan and
                        Rottoli, Luca",
      title          = "{A Determination of the Charm Content of the Proton}",
      collaboration  = "NNPDF",
      journal        = "Eur. Phys. J.",
      volume         = "C76",
      year           = "2016",
      number         = "11",
      pages          = "647",
      doi            = "10.1140/epjc/s10052-016-4469-y",
      eprint         = "1605.06515",
      archivePrefix  = "arXiv",
      primaryClass   = "hep-ph",
      reportNumber   = "EDINBURGH-2016-06, CERN-TH-2016-087, OUTP-16-03P,
                        TIF-UNIMI-2016-3",
      SLACcitation   = "%%CITATION = ARXIV:1605.06515;%%"
}

@article{Patrignani:2016xqp,
      author         = "Patrignani, C. and others",
      title          = "{Review of Particle Physics}",
      collaboration  = "Particle Data Group",
      journal        = "Chin. Phys.",
      volume         = "C40",
      year           = "2016",
      number         = "10",
      pages          = "100001",
      doi            = "10.1088/1674-1137/40/10/100001",
      SLACcitation   = "%%CITATION = CHPHD,C40,100001;%%"
}

@article{Ball:2008by,
      author         = "Ball, Richard D. and Del Debbio, Luigi and Forte, Stefano
                        and Guffanti, Alberto and Latorre, Jose I. and Piccione,
                        Andrea and Rojo, Juan and Ubiali, Maria",
      title          = "{A Determination of parton distributions with faithful
                        uncertainty estimation}",
      collaboration  = "NNPDF",
      journal        = "Nucl. Phys.",
      volume         = "B809",
      year           = "2009",
      pages          = "1-63",
      doi            = "10.1016/j.nuclphysb.2008.09.037,
                        10.1016/j.nuclphysb.2009.02.027",
      note           = "[Erratum: Nucl. Phys.B816,293(2009)]",
      eprint         = "0808.1231",
      archivePrefix  = "arXiv",
      primaryClass   = "hep-ph",
      reportNumber   = "EDINBURGH-2008-25, IFUM-923-FT, FREIBURG-2008-08",
      SLACcitation   = "%%CITATION = ARXIV:0808.1231;%%"
}

@article{deFlorian:2016spz,
      author         = "de Florian, D. and others",
      title          = "{Handbook of LHC Higgs Cross Sections: 4. Deciphering the
                        Nature of the Higgs Sector}",
      collaboration  = "LHC Higgs Cross Section Working Group",
      doi            = "10.23731/CYRM-2017-002",
      year           = "2016",
      eprint         = "1610.07922",
      archivePrefix  = "arXiv",
      primaryClass   = "hep-ph",
      reportNumber   = "FERMILAB-FN-1025-T, CERN-2017-002-M",
      SLACcitation   = "%%CITATION = ARXIV:1610.07922;%%"
}

@article{Ball:2009qv,
      author         = "Ball, Richard D. and Del Debbio, Luigi and Forte, Stefano
                        and Guffanti, Alberto and Latorre, Jose I. and Rojo, Juan
                        and Ubiali, Maria",
      title          = "{Fitting Parton Distribution Data with Multiplicative
                        Normalization Uncertainties}",
      collaboration  = "NNPDF",
      journal        = "JHEP",
      volume         = "05",
      year           = "2010",
      pages          = "075",
      doi            = "10.1007/JHEP05(2010)075",
      eprint         = "0912.2276",
      archivePrefix  = "arXiv",
      primaryClass   = "hep-ph",
      reportNumber   = "EDINBURGH-2009-22, IFUM-950-FT, FREIBURG-PHENO-09-09,
                        CP3-09-51",
      SLACcitation   = "%%CITATION = ARXIV:0912.2276;%%"
}

@article{Webb:2003ps,
      author         = "Webb, J. C. and others",
      title          = "{Absolute Drell-Yan dimuon cross-sections in 800 GeV / c
                        pp and pd collisions}",
      collaboration  = "NuSea",
      year           = "2003",
      eprint         = "hep-ex/0302019",
      archivePrefix  = "arXiv",
      primaryClass   = "hep-ex",
      reportNumber   = "FERMILAB-PUB-03-302-E",
      SLACcitation   = "%%CITATION = HEP-EX/0302019;%%"
}

@phdthesis{Webb:2003bj,
      author         = "Webb, Jason C.",
      title          = "{Measurement of continuum dimuon production in 800-GeV/C
                        proton nucleon collisions}",
      school         = "New Mexico State U.",
      year           = "2003",
      url            = "http://lss.fnal.gov/cgi-bin/find_paper.pl?thesis-2002-56",
      doi            = "10.2172/1155678",
      eprint         = "hep-ex/0301031",
      archivePrefix  = "arXiv",
      primaryClass   = "hep-ex",
      reportNumber   = "FERMILAB-THESIS-2002-56",
      SLACcitation   = "%%CITATION = HEP-EX/0301031;%%"
}

@article{Towell:2001nh,
      author         = "Towell, R. S. and others",
      title          = "{Improved measurement of the anti-d / anti-u asymmetry in
                        the nucleon sea}",
      collaboration  = "NuSea",
      journal        = "Phys. Rev.",
      volume         = "D64",
      year           = "2001",
      pages          = "052002",
      doi            = "10.1103/PhysRevD.64.052002",
      eprint         = "hep-ex/0103030",
      archivePrefix  = "arXiv",
      primaryClass   = "hep-ex",
      reportNumber   = "FERMILAB-PUB-01-487-E",
      SLACcitation   = "%%CITATION = HEP-EX/0103030;%%"
}

@article{Ball:2010de,
      author         = "Ball, Richard D. and Del Debbio, Luigi and Forte, Stefano
                        and Guffanti, Alberto and Latorre, Jose I. and Rojo, Juan
                        and Ubiali, Maria",
      title          = "{A first unbiased global NLO determination of parton
                        distributions and their uncertainties}",
      journal        = "Nucl. Phys.",
      volume         = "B838",
      year           = "2010",
      pages          = "136-206",
      doi            = "10.1016/j.nuclphysb.2010.05.008",
      eprint         = "1002.4407",
      archivePrefix  = "arXiv",
      primaryClass   = "hep-ph",
      reportNumber   = "EDINBURGH-2010-05, IFUM-952-FT, FR-PHENO-2010-014,
                        CP3-10-08",
      SLACcitation   = "%%CITATION = ARXIV:1002.4407;%%"
}

@article{Ball:2014uwa,
      author         = "Ball, Richard D. and others",
      title          = "{Parton distributions for the LHC Run II}",
      collaboration  = "NNPDF",
      journal        = "JHEP",
      volume         = "04",
      year           = "2015",
      pages          = "040",
      doi            = "10.1007/JHEP04(2015)040",
      eprint         = "1410.8849",
      archivePrefix  = "arXiv",
      primaryClass   = "hep-ph",
      reportNumber   = "EDINBURGH-2014-15, IFUM-1034-FT, CERN-PH-TH-2013-253,
                        OUTP-14-11P, CAVENDISH-HEP-14-11",
      SLACcitation   = "%%CITATION = ARXIV:1410.8849;%%"
}

@inproceedings{Khalek:2018bbv,
      author         = "Khalek, Rabah and Ethier, Jacob J. and Rojo, Juan",
      title          = "{Nuclear Parton Distributions from Neural Networks}",
      booktitle      = "{Diffraction and Low-x 2018 (Difflowx2018) Reggio
                        Calabria, Italy, August 26-September 1, 2018}",
      year           = "2018",
      eprint         = "1811.05858",
      archivePrefix  = "arXiv",
      primaryClass   = "hep-ph",
      SLACcitation   = "%%CITATION = ARXIV:1811.05858;%%"
}

@inproceedings{Pearson:2018tim,
      author         = "Pearson, R. L. and Voisey, C.",
      title          = "{Towards parton distribution functions with theoretical
                        uncertainties}",
      booktitle      = "{21st High-Energy Physics International Conference in
                        Quantum Chromodynamics (QCD 18) Montpellier, France, July
                        2-6, 2018}",
      year           = "2018",
      eprint         = "1810.01996",
      archivePrefix  = "arXiv",
      primaryClass   = "hep-ph",
      SLACcitation   = "%%CITATION = ARXIV:1810.01996;%%"
}

@article{Hawker:1998ty,
      author         = "Hawker, E. A. and others",
      title          = "{Measurement of the light anti-quark flavor asymmetry in
                        the nucleon sea}",
      collaboration  = "NuSea",
      journal        = "Phys. Rev. Lett.",
      volume         = "80",
      year           = "1998",
      pages          = "3715-3718",
      doi            = "10.1103/PhysRevLett.80.3715",
      eprint         = "hep-ex/9803011",
      archivePrefix  = "arXiv",
      primaryClass   = "hep-ex",
      reportNumber   = "FERMILAB-PUB-98-104-E",
      SLACcitation   = "%%CITATION = HEP-EX/9803011;%%"
}

@article{Garvey:2001yq,
      author         = "Garvey, Gerald T. and Peng, Jen-Chieh",
      title          = "{Flavor asymmetry of light quarks in the nucleon sea}",
      journal        = "Prog. Part. Nucl. Phys.",
      volume         = "47",
      year           = "2001",
      pages          = "203-243",
      doi            = "10.1016/S0146-6410(01)00155-7",
      eprint         = "nucl-ex/0109010",
      archivePrefix  = "arXiv",
      primaryClass   = "nucl-ex",
      SLACcitation   = "%%CITATION = NUCL-EX/0109010;%%"
}

@book{DAgostini:2003syq,
      author         = "D'Agostini, G.",
      title          = "{Bayesian reasoning in data analysis: A critical
                        introduction}",
      journal        = "New Jersey, USA: World Scientific (2003) 329 p",
      year           = "2003",
      SLACcitation   = "%%CITATION = INSPIRE-633061;%%"
}

@article{Baldit:1994jk,
      author         = "Baldit, A. and others",
      title          = "{Study of the isospin symmetry breaking in the light
                        quark sea of the nucleon from the Drell-Yan process}",
      collaboration  = "NA51",
      journal        = "Phys. Lett.",
      volume         = "B332",
      year           = "1994",
      pages          = "244-250",
      doi            = "10.1016/0370-2693(94)90884-2",
      reportNumber   = "LYCEN-9426",
      SLACcitation   = "%%CITATION = PHLTA,B332,244;%%"
}

@article{Martin:2009iq,
      author         = "Martin, A. D. and Stirling, W. J. and Thorne, R. S. and
                        Watt, G.",
      title          = "{Parton distributions for the LHC}",
      journal        = "Eur. Phys. J.",
      volume         = "C63",
      year           = "2009",
      pages          = "189-285",
      doi            = "10.1140/epjc/s10052-009-1072-5",
      eprint         = "0901.0002",
      archivePrefix  = "arXiv",
      primaryClass   = "hep-ph",
      reportNumber   = "IPPP-08-95, DCPT-08-190, CAVENDISH-HEP-08-16",
      SLACcitation   = "%%CITATION = ARXIV:0901.0002;%%"
}

@misc{Sassot:PC,
  author = "Sassot, R.",
  note = "Private communication"
}


