@article{pdg,
    author = {Particle Data Group},
    title = "{Review of Particle Physics}",
    journal = {Progress of Theoretical and Experimental Physics},
    volume = {2020},
    number = {8},
    year = {2020},
    month = {08},
    issn = {2050-3911},
    doi = {10.1093/ptep/ptaa104},
    url = {https://doi.org/10.1093/ptep/ptaa104},
    note = {083C01},
    eprint = {https://academic.oup.com/ptep/article-pdf/2020/8/083C01/33653179/ptaa104.pdf},
}

